1388 2078
248 152 290 184 46
499 150 533 183 Ο.
574 149 767 184 VALERI
796 150 1016 183 CATVLLI

245 222 309 255 ubi
324 222 526 264 cymbalum
542 226 645 254 sonat
661 232 744 261 uox,
762 222 825 254 ubi
840 226 1013 264 tympana
1028 222 1186 262 reboant,

246 265 380 298 tibicen
396 265 459 297 ubi
475 264 571 296 canit
588 264 709 307 Phryx
724 275 832 297 curuo
847 275 956 307 graue
972 265 1120 305 calamo,

245 307 310 340 ubi
325 308 444 350 capita
459 307 654 339 Maenades
669 307 708 339 ui
722 307 857 339 iaciunt
873 308 1084 349 ederigerae,

246 350 310 383 ubi
326 361 426 382 saera
441 354 565 382 sancta
581 350 694 382 acutis
707 350 905 382 ululatibus
922 351 1072 392 agitant,

246 393 311 426 ubi
325 393 444 425 sueuit
459 392 524 425 ma
539 392 645 425 diuae
660 392 811 425 uolitare
826 404 920 435 uaga
936 393 1057 426 cohors
1070 407 1079 427 ι
1224 400 1264 435 25

247 446 318 478 quo
334 446 396 467 nos
413 435 514 468 decet
529 435 648 467 citatis
665 435 816 468 celerare
831 436 1020 478 tripudiis.’

247 479 355 510 simul
370 478 457 510 11000
473 478 661 510 comitibus
678 478 777 510 Attis
792 478 921 511 cecinit
936 478 1048 511 notha
1061 478 1200 519 mulier,

247 521 386 553 thiasus
403 524 547 563 repente
561 521 693 563 linguis
709 521 970 563 trepidantibus
985 521 1114 561 ululat,

246 563 328 596 leue
343 566 554 606 tympanum
569 563 732 606 remugit,
751 574 841 596 caua
855 564 1019 606 cymbala
1033 566 1228 606 recrepant,

246 607 399 639 uiridem
415 606 507 639 citus
521 606 598 639 adit
615 606 718 639 Idam
732 610 941 649 properante
956 607 1045 649 pede
1061 607 1196 639 chorus.
1224 616 1266 648 30

246 649 441 681 furibunda
450 649 558 681 simul
567 649 737 682 anhelans
747 660 841 692 uaga
851 649 965 688 uadit,
974 650 1132 682 animam
1142 660 1263 692 agens,

247 692 418 724 comitata
432 695 603 734 tympano
619 692 719 724 Attis
733 703 795 734 per
809 703 829 724 o
856 703 919 725 aea
933 703 1077 725 nemora
1092 692 1178 732 (11111,

246 734 363 767 ueluti
378 735 530 767 iuuenca
545 734 666 767 uitans
681 745 769 767 onus
785 735 822 767 in
849 735 960 767 omita
974 735 1049 777 iugi
1064 749 1071 767 :

247 777 393 820 rapidae
408 777 533 809 ducem
549 780 717 809 secuntur
732 777 858 810 Gallae
874 788 934 820 pro
961 777 1148 820 eripedem.

246 820 371 862 itaque
386 823 427 852 ut
443 820 588 852 domum
605 820 764 862 Cybebes
780 820 928 862 tetigere
958 821 1110 860 assulae,
1225 827 1265 862 35

247 863 358 895 nimio
374 874 392 895 e
407 863 526 895 labore
541 873 704 895 somnum
718 863 863 905 capiunt
878 863 955 895 sine
971 863 1106 896 Cerere.

248 906 347 949 piger
361 905 416 938 his
433 905 577 938 labante
593 906 736 947 langore
752 906 869 938 oculos
886 917 988 948 sopor
1003 906 1136 948 operit:

249 949 325 981 abit
340 948 377 980 in
394 948 513 991 quiete
528 948 628 980 molli
642 948 787 981 rabidus
802 948 898 980 furor
913 949 1034 981 animi.

248 991 311 1024 sed
326 991 388 1023 ubi
403 991 471 1023 oris
487 991 586 1023 aurei
602 991 662 1023 Sol
677 991 898 1024 radiantibus
915 991 1025 1024 oculis

248 1034 419 1066 lustrauit
435 1033 580 1066 aethera
596 1033 729 1073 album,
747 1034 823 1066 sola
838 1034 937 1073 dura,
955 1044 1052 1066 mare
1067 1034 1194 1074 ferum,
1224 1043 1269 1075 40

248 1077 457 1119 pepulitque
471 1076 584 1108 noetis
600 1076 744 1109 umbras
758 1077 895 1119 uegetis
911 1077 1150 1119 sonipedibus,

248 1119 300 1151 ibi
315 1119 466 1151 Somnus
483 1119 640 1152 excitum
655 1119 762 1151 Attin
777 1119 917 1161 fugiens
933 1119 1024 1152 citus
1041 1119 1151 1153 abiit:

248 1161 450 1204 trepidante
466 1172 548 1194 011111
563 1162 694 1204 recepit
709 1162 777 1194 dea
792 1162 962 1194 Pasithea
976 1162 1067 1195 sinu.

247 1205 301 1237 ita
317 1205 360 1236 de
376 1205 495 1246 quiete
510 1204 610 1236 molli
625 1204 749 1246 rapida
764 1204 840 1237 sine
856 1205 954 1237 rabie

248 1247 355 1279 simul
372 1248 447 1289 ipse
463 1249 602 1290 pectore
618 1247 718 1279 Attis
734 1257 799 1280 sua
813 1247 910 1280 facta
925 1247 1083 1286 recoluit,
1225 1256 1267 1289 45

247 1289 455 1332 liquidaque
470 1293 590 1322 mente
607 1290 698 1322 uidit
714 1290 790 1322 sine
805 1290 905 1332 queis
920 1290 1052 1332 ubique
1067 1290 1169 1328 foret,

248 1333 367 1364 animo
384 1335 572 1364 aestuante
586 1343 709 1364 rusum
724 1332 878 1365 reditum
893 1333 939 1365 ad
954 1333 1050 1365 uada
1066 1333 1199 1365 tetulit.

247 1375 298 1407 ibi
314 1375 427 1407 maria
441 1378 547 1407 uasta
562 1375 681 1407 uisens
697 1375 963 1407 lacrimantibus
980 1375 1102 1414 oculis,

247 1418 401 1460 patriam
417 1417 572 1449 allocuta
587 1421 758 1450 maestast
774 1418 827 1450 ita
841 1428 927 1450 uoce
944 1418 1127 1450 miseriter.

250 1464 259 1477 ‘
271 1460 387 1503 patria
403 1470 423 1492 0
439 1460 509 1492 mei
525 1460 687 1499 creatrix,
706 1460 822 1502 patria
838 1471 859 1493 0
874 1471 955 1492 mea
969 1460 1142 1502 genetrix,
1226 1468 1269 1502 50

247 1513 313 1545 ego
329 1513 435 1545 quam
452 1502 557 1535 miser
572 1503 786 1545 relinquens,
805 1503 964 1535 dominos
980 1506 1021 1535 ut
1038 1503 1196 1545 erifugae

246 1545 374 1578 famuli
388 1545 514 1585 solent,
533 1545 580 1578 ad
595 1545 682 1578 Idae
697 1545 803 1578 tetuli
818 1556 962 1578 nemora
976 1545 1114 1588 pedem,

279 1660 317 1687 31
331 1660 516 1695 animayens
538 1658 576 1693 O,
600 1668 644 1688 (1η
664 1658 781 1694 (cetera
801 1659 835 1688 in
854 1657 976 1695 rasura)
991 1659 1030 1696 G,
1053 1660 1159 1689 animi
1177 1668 1269 1696 eyens

247 1698 331 1727 Stat.
359 1698 429 1727 edd.
460 1697 611 1734 complur.
655 1698 693 1725 38
712 1698 816 1727 mollis
835 1707 862 1727 r.
880 1698 919 1727 V.
963 1707 994 1726 m
1008 1720 1015 1727 .
1033 1720 1040 1728 .
1059 1721 1066 1728 .
1085 1699 1110 1727 li
1129 1699 1267 1735 rapidus

246 1737 361 1766 Festus
381 1746 411 1774 p.
437 1737 494 1767 21’3
514 1737 557 1766 M.
608 1737 647 1763 42
667 1738 799 1765 excitam
825 1736 919 1766 Lach.
943 1737 1029 1773 uulg.
1080 1737 1120 1766 cf.
1145 1737 1191 1773 45,
1215 1737 1263 1774 51,

247 1776 294 1812 88,
321 1775 368 1804 89.
411 1776 449 1802 45
469 1777 541 1811 ipsa
561 1775 654 1803 Lach.
685 1775 771 1811 uulg.
814 1776 852 1803 49
879 1784 908 1804 α.
939 1777 986 1804 ‘ita
1013 1785 1086 1805 uoce
1105 1777 1267 1805 miseritus

246 1815 395 1843 ‘maiestas
404 1813 598 1849 (maaestates
608 1813 694 1851 O)V,
703 1823 781 1844 corr.
794 1814 913 1844 Auant.
932 1816 1093 1845 miseritus
1102 1814 1262 1845 Schwabe.

246 1854 284 1882 51
298 1854 415 1882 misera
428 1852 604 1882 Froehlich.
1022 1853 1025 1856 “
