1388 2078
443 138 674 173 C'ARMINA
705 139 840 173 LXIV
1088 141 1130 172 55

133 212 199 245 tali
213 215 342 251 mente,
361 211 458 251 deae,
476 211 633 244 funestet
649 223 756 254 seque
771 211 946 254 suosque?

174 256 251 288 Has
266 258 455 303 postquam
468 258 602 287 maesto
618 255 779 303 profudit
789 258 928 297 pectore
942 264 1058 295 uoces,

131 297 347 347 supplicium
360 297 475 330 saeuis
492 308 681 340 exposcens
698 297 805 330 anxia
821 298 935 338 factis,

130 340 259 373 adnuit
274 340 408 372 inuicto
423 339 616 372 caelestum
631 341 775 373 numine
791 343 912 379 rector,

131 393 202 425 quo
217 386 315 417 motu
331 383 436 415 tellus
450 385 560 431 atque
575 383 715 415 horrida
731 386 1016 415 contremuerunt
1079 389 1142 425 205

131 436 285 468 aequora
301 425 545 468 concussitque
561 426 730 458 micantia
745 426 860 458 sidera
875 426 1038 459 mundus.

130 469 206 511 ipse
221 472 341 501 autem
358 479 461 500 caeca
476 471 631 500 mentem
646 468 796 510 calisrine
811 468 968 501 Theseus

130 511 287 544 consitus
303 511 412 543 oblito
429 510 562 543 dimisit
578 515 716 560 pectore
715 496 869 551 Ocuncta,

156 564 223 586 uae
238 554 409 586 mandata
423 554 519 596 prius
536 554 713 586 constanti
728 557 845 586 mente
862 537 1017 594 tenebat,

130 564 250 629 dulcia
264 607 326 629 nec
342 600 477 628 maesto
493 596 680 628 sustollens
697 596 798 638 signa
813 596 951 638 parenti
1079 606 1142 629 210

130 639 297 681 sospitem
314 639 549 671 Erechtheum
565 650 602 671 se
618 640 772 672 ostendit
788 640 901 672 uisere
917 642 1067 681 portum.

130 692 284 724 namque
298 681 416 714 ferunt
431 681 526 721 olim,
541 681 645 714 classi
660 693 740 714 cum
755 682 894 714 moenia
910 682 1015 714 diuae

129 724 350 767 linquentem
364 727 513 766 gnatum
529 725 645 756 uentis
661 735 762 757 601161
764 725 845 757 edei
847 727 882 757 et
898 725 967 757 Ae
954 735 1051 767 reus,

131 767 219 800 talia
233 767 467 809 conplexum
458 767 581 799 iuueni
597 767 766 799 mandata
781 767 929 800 dedisse.

133 812 262 852 ‘gnate
277 809 365 842 mihi
380 810 462 851 lono·
453 820 482 842 6
497 810 682 842 iucundior
697 810 798 842 unice
815 809 902 849 uita,
1080 818 1140 851 215

130 852 289 885 reddite*
280 863 317 884 111
333 855 492 884 extrema
504 864 552 884 nu
579 863 615 885 er
631 852 717 884 mihi
733 852 801 884 fine
817 855 990 892 senectae,
1079 862 1141 893 217

129 897 247 937 gnate,
261 905 324 937 ego
337 906 441 937 quem
453 895 488 927 in
500 895 548 927 du
562 895 625 927 ‘ios
637 906 738 937 cogor
754 895 930 927 dimittere
947 906 1059 934 casuS,
1079 897 1141 928 216

129 938 416 986 quandoquidem
432 937 574 970 fortuna
589 948 668 970 mea
683 949 724 970 ac
740 941 803 970 tua
818 938 954 970 feruida
970 938 1084 970 uirtus

129 980 234 1022 eripit
248 980 362 1012 inuito
377 980 465 1012 mihi
480 983 526 1019 te,
544 980 628 1022 quoi
643 980 813 1022 languida
829 981 985 1013 nondum

128 1023 265 1055 lumina
280 1026 363 1055 sunt
379 1023 480 1065 gnati
495 1034 575 1055 cara
591 1026 751 1055 saturata
767 1023 1142 1065 fi‹g1na:220

130 1076 201 1098 non
217 1076 281 1108 ego
297 1068 333 1098 te
347 1049 505 1107 gaudens
522 1065 673 1097 laetanti
688 1068 825 1114 pectore
842 1065 994 1105 mittam,

128 1118 193 1140 1166
209 1111 245 1140 16
260 1091 369 1140 16116ὃ
364 1108 479 1140 sinam
495 1107 659 1140 fortunae
675 1109 776 1149 sicrna
792 1108 976 1147 secundae,

128 1151 191 1183 sed
199 1151 357 1200 primum
373 1150 503 1182 multas
520 1161 722 1192 expromam
738 1154 855 1183 mente
871 1150 1056 1193 querellas,

128 1193 296 1226 canitiem
312 1197 405 1225 terra
420 1196 527 1235 atque
542 1193 658 1225 infuso
674 1193 819 1235 puluere
834 1193 991 1233 foedans,

127 1235 212 1269 inde
226 1236 358 1268 infecta
373 1246 464 1277 uago
479 1236 693 1277 suspendam
708 1236 820 1268 lintea
834 1236 938 1275 malo,
1079 1244 1140 1278 225

128 1281 265 1311 nostros
281 1281 323 1311 ut
338 1278 456 1311 luctus
471 1283 681 1320 nostraeque
695 1278 858 1311 incendia
873 1278 1002 1311 mentis

129 1321 295 1354 carbasus
311 1321 498 1353 obscurata
514 1321 613 1353 decet
629 1321 804 1363 ferrugine
821 1321 964 1353 Hibera.

127 1364 223 1407 quod
239 1364 305 1396 tibi
320 1364 350 1396 si
366 1364 480 1396 sancti
496 1364 703 1396 concesserit
719 1348 834 1396 incola
851 1364 956 1402 Itoni,

128 1417 220 1449 quae
235 1409 393 1439 nostrum
409 1417 519 1448 genus
536 1417 576 1439 ac
591 1407 692 1439 sedes
707 1406 893 1439 defendere
910 1405 1100 1439 Erechthei

128 1449 266 1488 adnuit,
285 1452 326 1481 ut
341 1449 435 1481 tauri
450 1460 629 1491 respergas
645 1449 816 1491 sanguine
832 1449 1005 1488 dextram,
1078 1458 1096 1480 2
1101 1458 1142 1490 30

127 1495 207 1524 tum
221 1502 305 1524 uero
320 1492 427 1524 facito
442 1495 483 1524 ut
498 1492 643 1524 memori
658 1492 725 1524 tibi
741 1492 883 1524 condita
898 1492 999 1524 corde

127 1534 215 1567 haec
229 1534 376 1576 uigeant
390 1534 571 1573 mandata,
591 1545 654 1566 nec
669 1534 744 1566 ulla
761 1534 940 1566 oblitteret
955 1537 1067 1574 aetas,

127 1580 170 1610 ut
184 1577 290 1609 simul
305 1588 346 1609 ac
361 1580 497 1609 nostros
512 1577 670 1610 inuisent
685 1577 818 1609 lumina
833 1577 942 1616 collis,

165 1686 225 1714 205
237 1695 297 1723 quo
310 1689 394 1715 motu
406 1687 521 1723 Heyse,
536 1689 597 1723 quo
608 1689 658 1715 ιῖισ
667 1686 707 1715 ΧΤ.
750 1686 806 1714 211
818 1686 1023 1715 Erechtheum
1033 1686 1124 1716 Voss.
1117 1708 1138 1723 .,

127 1725 316 1761 ereptumV.
353 1726 410 1752 212
422 1728 523 1754 castae
535 1737 563 1761 ω,
582 1725 651 1753 edd.
669 1724 819 1761 complur.
863 1726 918 1752 213
930 1734 997 1753 cum
1009 1726 1142 1755 cfr-edema

128 1764 170 1798 V,
187 1773 263 1792 corr.
287 1763 405 1792 Auant.
462 1765 518 1791 215
539 1765 626 1799 ἷοη96
646 1764 901 1799 Hoeufft,lon(1a
915 1763 953 1799 V,
971 1763 1040 1792 edd.
1058 1774 1139 1792 com-

125 1801 209 1870 glur.
221 1803 390 1870 ν2]Ϊ;]7Ι,121()“
405 1802 489 1832 inter
509 1812 542 1832 se
562 1804 682 1840 transp.
701 1802 814 1832 Baehr.
857 1803 913 1830 227
934 1803 1015 1832 dccet
1030 1803 1137 1840 Lach„

149 1841 206 1871 icet
251 1863 259 1877 ‚
330 1863 337 1870 .
