1388 2078
430 129 662 166 CARMINA
701 127 883 162 VIII—X
1142 126 1160 161 7

142 217 236 239 nunc
250 205 469 249 praetoribus
485 216 562 238 esse
576 216 641 238 nee
656 204 801 244 cohorti,
1119 214 1158 236 10

141 260 204 282 cur
219 249 407 292 quisquam
422 251 529 290 caput
544 247 687 280 unctius
703 248 858 287 referret,

142 292 347 334 praesertim
362 291 492 334 quibus
507 294 600 323 esset
615 291 812 323 inrumator

142 337 282 377 praetor
296 344 360 366 nec
374 334 505 366 faceret
520 333 584 375 pili
599 333 786 365 cohortem.

145 380 155 394 ‘
167 379 206 410 at
222 379 314 409 certe
330 376 474 416 tamen,'
489 376 668 418 inquiunt,
691 379 698 393 ‘
712 375 806 417 quod
820 375 894 408 illio

142 422 268 452 natum
284 419 413 451 dicitur
428 429 514 458 esse,
533 418 745 460 comparasti
1123 425 1159 460 15

141 461 189 494 ad
203 462 365 494 lecticam
380 461 565 494 homines.'
610 471 684 503 ego,
703 464 744 493 ut
759 461 899 503 puellae

142 515 255 536 unum
269 514 325 536 me
340 504 491 536 facerem
507 503 710 542 beatiorem,

145 549 155 564 ‘
167 557 238 579 non
249 546 256 560 '
272 547 418 589 inquam
437 550 445 563 ‘
458 546 546 578 mihi
562 549 636 578 tam
651 546 720 578 fuit
738 545 901 587 maligne,

142 591 196 629 ut,
214 589 394 631 prouincia
409 589 503 631 quod
520 589 615 621 mala
629 589 821 627 incidisset,

142 641 214 664 non
228 642 367 680 possem
381 635 459 664 octo
475 631 634 664 homines
650 642 772 673 parare
787 630 924 663 1·e(·tos.’
1120 640 1161 663 20

142 677 182 707 at
197 684 247 706 ml
261 674 381 706 nullus
397 676 473 706 erat
489 684 604 716 neque
618 673 676 706 hic
691 684 805 715 neque
821 673 894 705 illic

142 717 296 749 fractum
310 717 372 759 qui
386 717 517 749 ueteris
533 716 658 758 pedem
673 716 813 758 grabati

143 759 181 791 in
196 759 285 791 collo
301 759 369 791 sibi
384 759 552 803 collocare
568 762 696 801 posset.

142 801 201 834 hic
216 801 289 841 illa,
307 804 349 834 ut
364 801 483 834 decuit
498 801 744 840 cinaediooem,

145 847 155 861 ‘
168 844 317 886 quaeso’
332 844 450 886 inquit
468 844 586 883 ‘mihi,
605 844 655 876 mi
671 843 822 881 Catulle,
841 843 990 885 paulum
1120 854 1138 876 2
1142 851 1159 886 5

143 886 230 919 istos
245 900 252 919 :
277 887 500 919 commodum
516 887 631 919 enim:
656 886 737 918 uolo
752 887 798 919 ad
815 886 976 929 Sarapim

142 928 295 962 deferri)
343 932 351 946 ‘
362 940 466 962 mane
482 932 559 966 †me
573 929 580 943 ³
596 929 711 971 inquii
727 929 866 971 puellae
880 941 889 967 ;

146 971 265 1003 ‘istud
279 972 374 1014 quod
389 972 493 1004 modo
509 972 668 1004 dixeram
684 982 740 1004 me
755 971 896 1011 habere,

142 1013 237 1056 fugit
252 1025 308 1046 me
324 1014 414 1046 ratio
427 1028 434 1047 :
459 1025 558 1046 meus
575 1014 717 1053 sodalis,

144 1056 294 1088 Cinnast
310 1056 432 1095 Gaius,
451 1057 481 1088 is
498 1057 566 1089 sibi
582 1057 731 1099 parauit.
1121 1066 1162 1098 30

143 1109 278 1138 uerum,
297 1102 417 1131 utrum
432 1099 530 1131 illius
545 1110 591 1131 an
607 1099 688 1137 mei,
707 1098 793 1141 qnid
809 1098 857 1131 acl
870 1101 950 1131 me?

143 1143 224 1173 utor
239 1144 314 1173 tam
331 1142 418 1174 bene
433 1152 541 1184 quam
556 1141 645 1173 mihi
661 1141 851 1183 paratis.—

143 1183 205 1215 Sed
221 1186 261 1215 tu
276 1183 411 1216 insulsa
426 1184 519 1216 male
535 1195 575 1216 ac
591 1184 740 1216 molesta
756 1184 862 1222 uiuis,

144 1235 206 1268 per
220 1236 328 1269 quam
343 1237 414 1259 non
429 1226 512 1259 licet
528 1237 604 1259 esse
619 1225 889 1268 neglegente111.’

183 1397 222 1425 10
243 1406 328 1427 nunc
352 1397 531 1434 WVestphaI,
557 1407 612 1427 ‘nec
637 1398 678 1427 V.
721 1398 935 1434 quaestoribus
958 1398 1075 1428 Muret.
1127 1400 1164 1427 16

144 1436 283 1465 hominis
296 1437 336 1465 V.
379 1437 416 1463 21
440 1446 493 1465 nec
515 1437 566 1466 hic
591 1437 630 1472 V,
655 1437 689 1465 L.
716 1436 860 1466 Mueller.
903 1437 941 1464 22
965 1446 1021 1473 quc
1043 1437 1082 1466 V.
1126 1439 1165 1465 24

144 1475 251 1504 docuit
266 1475 305 1504 V.
341 1475 380 1502 25
394 1475 507 1511 inquid
522 1475 559 1504 O.
596 1476 633 1503 26
647 1476 740 1504 istos:
762 1476 954 1504 commodum
968 1477 1051 1504 enim
1062 1487 1071 1504 .·
1094 1478 1164 1505 uolo

146 1522 212 1549 nos,
229 1514 252 1542 i.
263 1524 273 1542 :
287 1514 480 1543 commodum
490 1515 571 1542 enim
584 1523 615 1542 u.
633 1514 739 1549 Hand,
754 1515 910 1542 commoda
924 1514 969 1550 (-(ῐ
981 1514 1021 1550 O)
1034 1524 1110 1543 ‘nam
1120 1515 1161 1551 V,

144 1551 217 1580 edd.
248 1552 435 1588 complures.
487 1552 637 1589 Sarapim
662 1553 699 1588 G,
725 1553 874 1588 Serapim
901 1553 938 1588 O,
964 1554 1007 1581 ad
1031 1554 1164 1590 Sarapis

145 1589 262 1619 Baehr.
314 1591 351 1618 27
376 1591 490 1620 deserti
509 1591 550 1619 V.
604 1592 697 1620 Ἰηαηέ
723 1600 770 1620 me
797 1591 837 1627 V,
867 1600 960 1620 ‘mane
985 1592 1160 1628 Fontanus,

145 1629 276 1658 minime
300 1628 458 1664 Statflus),
482 1630 628 1658 memmei
650 1630 777 1666 Mimro,
799 1631 928 1658 minime
948 1631 981 1658 et
1000 1639 1057 1666 pro
1076 1632 1165 1660 istud

145 1666 190 1702 (11.
208 1666 258 1703 28)
272 1670 315 1696 est
329 1668 365 1696 id
379 1667 587 1696 Cornelissen.
605 1669 710 1704 inquit
723 1668 760 1704 G,
775 1669 888 1705 inquid
901 1669 937 1704 O,
955 1669 1039 1697 unde
1053 1670 1165 1705 inquio

145 1704 218 1734 edd.
240 1705 426 1742 complures.
469 1707 506 1733 30
526 1715 618 1735 cuma
638 1710 653 1735 ἑ
664 1709 776 1742 ymnis
794 1707 824 1734 V
843 1707 927 1735 unde
946 1707 1071 1736 Gauius
1090 1708 1164 1736 Rib-

145 1743 234 1772 beck.
285 1744 362 1773 haec
383 1744 431 1774 ita
449 1744 597 1773 distinxit
618 1745 732 1774 Baehr.
783 1745 820 1772 32
839 1747 990 1781 parm-im
1013 1746 1053 1781 V,
1082 1755 1161 1775 corr.

144 1782 231 1851 gtffi.
247 1782 312 1850 d33
336 1785 372 1812 tu
395 1783 520 1814 insulsa
543 1794 573 1820 ω,
600 1786 636 1813 tu
660 1783 770 1814 insula
791 1783 829 1820 G,
853 1784 938 1813 tulsa
958 1784 996 1820 O,
1021 1787 1056 1813 tu
1079 1785 1166 1814 salsa

170 1829 186 1850 c
227 1829 245 1850 a
270 1829 311 1850 er.
