1388 2078
451 160 682 195 OARMINA
713 161 846 195 LXIV
1108 164 1149 196 51

140 233 205 266 illa
221 244 260 266 em
275 236 498 276 tempestate,
515 234 613 266 ferox
630 245 700 283 quo
714 237 871 284 tempore
886 233 1042 267 Theseus

140 287 299 319 egressus
315 277 432 309 curuis
448 287 467 309 e
483 277 644 309 litoribus
662 277 777 309 Piraei

140 304 262 361 attigit
278 319 401 352 iniusti
416 320 506 362 regis
523 320 696 362 Gortynia
711 323 816 353 tecta.
1109 328 1147 363 75

140 373 222 394 nam
239 362 422 404 perhibent
437 348 521 395 olim
537 362 670 395 crudeli
685 366 783 404 peste
798 364 957 396 coactam

139 405 417 447 Androgeoneae
432 416 562 453 poenas
578 405 759 438 exsoluere
775 405 891 438 caedis

140 447 293 480 electos
284 458 430 480 1111161163
446 447 553 480 simul
568 451 603 480 et
618 448 723 480 decus
738 448 969 490 innuptarum

140 490 342 539 Cecropiam
357 490 499 523 solitam
514 501 590 523 esse
606 490 733 533 dapem
748 491 830 523 dare
847 491 1060 524 Minotauro.

139 532 219 575 (11113
234 536 386 575 angusta
401 533 503 565 malis
519 544 599 565 cum
614 534 753 582 moenia
766 544 877 566 uexai
879 537 992 573 entur,
1109 533 1151 566 80

139 576 214 624 ipse
230 586 329 608 3110111
346 576 502 608 Theseus
519 587 580 625 pro
595 576 683 609 caris
699 587 822 618 corpus
839 576 992 609 Athenis

139 618 292 660 ploicere
307 619 445 661 optauit
460 619 576 661 potius
593 630 699 662 quam
715 619 803 651 talia
820 619 960 652 Cretam

139 661 264 694 funera
280 661 466 703 Cecropiae
482 672 544 694 1166
559 661 684 694 funera
699 665 817 704 poitai
819 666 932 701 entur,

139 707 249 746 atque
263 704 315 736 ita
330 715 422 736 naue
438 704 510 736 leui
524 704 640 737 nitens
656 715 697 737 ac
712 704 850 737 lenibus
867 705 962 737 auris

139 747 405 789 magnanimum
420 747 466 779 ad
482 747 606 780 Minoa
620 747 720 779 uenit
735 747 906 789 sedesque
921 746 1099 796 superbas.

139 789 233 838 1111116
248 789 355 822 31111111
370 800 410 822 ac
425 790 552 832 cupido
567 790 750 838 conspexit
765 790 898 822 lumine
913 790 1013 832 uirgo
1110 790 1151 822 86

139 832 246 874 regia,
265 843 371 881 quam
387 833 508 865 suauis
525 833 689 874 expirans
705 835 823 865 castus
840 833 961 865 odores

138 875 316 908 lectulus
307 886 343 907 111
360 875 457 907 molli
472 875 643 917 conplexu
660 875 782 908 matris
799 875 928 915 alebat,

139 917 262 960 quales
279 918 432 950 Eurotae
448 918 661 960 prmignunt
677 918 824 950 fiumina
838 929 895 960 111)
900 921 971 951 rtos

140 971 273 993 aul-aue
289 960 473 993 distinctos
490 961 608 993 educit
623 972 734 993 uerna
749 961 890 1001 colores,
1111 970 1154 1000 90

139 1014 209 1036 non
226 1014 321 1046 pnus
337 1014 381 1035 ex
396 1003 458 1035 illo
472 1003 560 1045 flam
561 1004 660 1036 antia
676 1004 869 1036 declinauit

139 1045 287 1085 lumina,
306 1057 413 1088 quam
429 1050 554 1078 cuncto
570 1046 728 1094 concepit
744 1057 883 1088 corpore
898 1045 1078 1078 flammam

140 1089 301 1137 funditus
318 1092 425 1131 atque
440 1088 519 1120 imis
536 1089 669 1121 exarsit
684 1092 761 1121 tota
776 1089 951 1121 medullis.

140 1131 212 1164 heu
227 1131 352 1163 misere
368 1131 554 1173 exagitans
570 1131 606 1163 in
623 1131 703 1163 miti
719 1131 819 1180 corde
834 1131 980 1180 furores,

140 1177 262 1206 sancte
277 1185 387 1222 puer,
392 1185 482 1206 cuns
499 1174 681 1206 hominum
697 1174 758 1216 qui
772 1174 904 1216 gaudia
918 1174 1053 1213 11113663,
1112 1181 1151 1215 95

141 1227 302 1259 quaeque
317 1216 407 1258 regis
424 1216 553 1265 Golgos
569 1227 731 1265 quaeque
747 1217 899 1249 Idalium
916 1216 1129 1256 frondosum,

141 1259 331 1302 qualibus
322 1270 502 1292 incensam
517 1259 677 1292 iactastis
694 1262 811 1292 mente
826 1259 982 1308 puellam

140 1301 331 1334 fluctibus
321 1312 358 1334 111
373 1301 467 1334 flauo
482 1312 586 1344 saepe
601 1302 740 1344 hospite
755 1302 1014 1351 suspirantem!

141 1347 293 1387 quantos
308 1344 372 1376 illa
386 1344 470 1376 tulit
486 1344 671 1393 languenti
686 1345 788 1377 corde
804 1345 968 1377 timores.
963 1348 968 1369 Ι

141 1398 249 1430 quam
264 1390 341 1419 tum
357 1397 472 1436 saepe
477 1387 589 1430 magis
605 1387 742 1420 fuluoie
758 1388 931 1430 expalluit
948 1387 1045 1419 auri!
1095 1397 1154 1419 100

141 1440 221 1462 cum
236 1440 380 1462 saeuom
395 1429 538 1472 cupiens
536 1415 676 1463 Ocontra
691 1430 899 1463 contendere
915 1433 1112 1462 monstrum

141 1475 205 1505 aut
220 1475 368 1505 mortem
383 1475 564 1514 appeteret
580 1473 736 1505 Theseus
753 1476 816 1505 aut
831 1473 987 1522 praemia
1000 1473 1127 1505 laudis.

141 1525 211 1547 non
227 1515 368 1563 ingrata
383 1518 503 1547 tamen
519 1515 650 1548 flustra
665 1516 876 1548 munuscula
891 1515 984 1548 diuis

141 1557 363 1606 promittens
364 1558 473 1590 tacito
489 1558 644 1600 succepit
659 1561 744 1591 uota
760 1558 897 1590 labello.

140 1610 224 1633 nam
240 1599 363 1633 uelut
354 1610 392 1632 111
407 1611 544 1633 3111111110
556 1601 778 1643 quatientem
796 1600 936 1633 brachia
952 1600 1069 1633 Tauro
1095 1608 1153 1643 105

179 1709 217 1738 73
236 1717 272 1738 ex
291 1708 363 1738 add.
380 1709 494 1738 Baehr.
532 1709 625 1746 ferox
645 1718 706 1746 quo
720 1712 741 1738 t.
759 1721 787 1745 ω,
801 1708 951 1746 fermeque
964 1712 992 1738 et
1006 1711 1026 1739 t.
1044 1709 1084 1739 V.
1122 1709 1151 1746 f.

141 1757 206 1785 qua
220 1747 325 1776 robore
338 1748 514 1777 Froehlich.
557 1749 594 1776 75
606 1751 721 1784 tempta
735 1748 774 1784 V,
790 1749 903 1784 templa
918 1760 946 1777 ω.
990 1749 1026 1776 92
1033 1751 1157 1785 pectore

141 1798 171 1822 ω,
187 1786 272 1822 uulg.
316 1787 354 1813 94
366 1787 399 1814 ιῗη
412 1787 484 1815 mica·
496 1797 524 1822 ω,
538 1788 622 1815 {miti
633 1787 670 1822 O,
686 1790 698 1815 ῖ
706 1788 778 1815 'mita'
790 1788 827 1822 G,
840 1788 957 1816 immiti
970 1787 1055 1823 uulg.
1098 1789 1156 1816 100

141 1828 258 1862 quanto
282 1825 320 1860 V,
339 1834 415 1853 corr.
440 1825 588 1854 Faernus.
628 1825 754 1861 fulyore
768 1826 807 1861 V,
825 1835 902 1854 corr.
921 1826 1055 1855 Ritsehl.
1097 1827 1155 1855 102

141 1866 292 1901 (mactaret
307 1863 344 1893 G.
381 1864 438 1891 104
458 1865 592 1900 succepit
607 1864 702 1900 Stat„
720 1865 879 1894 succendit
890 1864 929 1901 V,
947 1865 1108 1902 suspendit
1121 1877 1152 1897 ω.
