1388 2078
434 157 664 191 GARMJNA
699 156 943 190 XCVII—CI
1151 159 1192 190 83

177 240 260 262 nam
275 230 381 262 simul
396 230 434 262 id
449 230 630 268 factumst,
649 230 772 262 multis
789 230 904 262 diluta
920 230 1050 263 labella

218 273 330 315 guttis
346 273 543 305 abstersisti
559 273 721 305 omnibus
738 273 910 311 articulis,

177 316 235 348 nei
250 315 439 358 quicquam
456 319 575 348 nostro
591 318 811 348 contractum
828 326 872 347 ex
888 325 945 348 ore
961 318 1130 353 maneret,

218 361 403 400 tamquam
418 359 624 391 commictae
639 369 766 400 spurca
781 358 896 390 saliua
911 358 1027 400 lupae.
1154 370 1191 392 ιο

177 404 358 443 praeterea
372 401 502 434 infesto
518 401 685 434 miserum
701 412 757 434 me
774 401 913 433 tradere
928 401 1053 434 Amori

219 454 289 475 non
305 444 451 476 cessasti
466 444 630 486 omnique
647 444 846 476 excruciare
862 444 976 482 modo,

176 488 218 519 ut
231 486 281 519 mi
296 496 341 519 ex
355 487 530 519 ambrosia
545 490 725 519 mutatum
739 487 811 519 iam
826 486 917 519 foret
931 486 1022 519 illud

219 529 395 562 sauiolum
407 530 501 562 tristi
517 530 655 562 tristius
671 529 857 562 helleboro.

176 582 284 614 quam
300 572 469 614 quoniam
484 583 634 615 poenam
649 573 776 605 misero
791 571 955 614 proponis
971 572 1109 612 amoris,
1153 581 1190 614 15

218 625 413 658 numquam
428 615 501 648 iam
516 615 662 658 posthac
678 615 778 648 basia
792 615 989 657 surripiam.

669 739 696 772 C

177 799 320 834 Caelius
334 798 542 832 Aufilenum
558 801 594 831 et
608 799 777 839 Quintius
792 800 999 834 Aufilenam

218 843 281 875 flos
297 842 543 875 Veronensum
559 842 753 884 depereunt
768 843 951 883 iuuenum,

175 886 233 918 hic
247 885 402 924 fratrem,
416 884 476 917 ille
489 895 649 917 sororem.
684 885 748 917 hoc
761 889 825 925 est,
839 887 933 928 quod
946 887 1085 927 dicitur,
1099 887 1187 921 illud

217 928 412 961 fraternum
427 938 511 960 uere
526 927 628 960 dulce
644 928 860 960 sodalitium.

176 971 259 1014 quoi
273 970 415 1003 faueam
431 970 547 1012 potius
561 973 573 1002 ’ἐ
597 970 706 1009 Caeli,
724 971 789 1002 tibi
803 985 810 1003 :
835 982 919 1004 nam
934 974 999 1005 tua
1014 972 1115 1005 nobis
1172 981 1189 1016 5

217 1016 400 1056 perspecta
415 1012 587 1055 egregiest
604 1013 709 1045 unica
725 1013 894 1053 amicitia,

175 1067 256 1089 cum
269 1066 404 1088 uesana
420 1066 516 1087 meas
532 1058 678 1087 torreret
694 1055 837 1088 flamma
853 1057 1037 1091 medullas.

217 1099 265 1132 sis
279 1098 377 1138 felix,
397 1098 506 1137 Caeli,
524 1097 572 1133 sis
587 1098 624 1130 in
640 1108 757 1131 amore
773 1102 907 1140 potens.

660 1222 707 1256 CI

174 1282 311 1316 Multas
325 1292 387 1331 per
401 1284 525 1324 gentes
541 1284 577 1314 et
593 1282 707 1314 multa
723 1292 784 1324 per
799 1292 954 1325 aequora
969 1287 1094 1318 uectus

215 1325 368 1358 aduenio
383 1325 447 1357 has
463 1325 619 1363 miseras,
638 1325 756 1364 frater,
776 1325 822 1357 ad
838 1325 993 1366 inferias,

175 1371 218 1401 ut
232 1371 269 1401 te
284 1371 458 1410 postremo
475 1367 641 1399 donarem
658 1378 801 1400 munere
818 1369 940 1400 mortis

216 1414 252 1444 et
267 1414 404 1443 mutam
420 1410 635 1452 nequiquam
651 1410 858 1452 adloquerer
873 1411 1035 1452 cinerem,

173 1453 460 1502 quandoquidem
477 1453 619 1484 fortuna
635 1452 722 1484 mihi
738 1456 810 1485 tete
827 1453 977 1486 abstulit
993 1455 1120 1497 ipsum,
1169 1464 1186 1498 5

214 1496 286 1530 heu
300 1507 406 1529 miser
421 1496 565 1538 indigne
582 1495 690 1528 frater
706 1495 870 1538 adempte
886 1497 983 1529 milii.

659 1551 674 1568 *

210 1649 306 1679 XCIX
319 1650 338 1679 8
358 1650 532 1679 abstersisti
546 1651 701 1685 Muretus,
717 1651 860 1679 (cbstersti
875 1650 925 1687 (Ο,
941 1651 1073 1681 abstersi
1086 1651 1128 1688 G)
1142 1653 1182 1689 V,

172 1690 316 1719 abstersa
323 1690 422 1725 guttis
435 1689 508 1718 Ald.
527 1689 574 1718 ed.
588 1690 663 1717 1502
678 1689 747 1718 edd.
766 1689 915 1726 complur.
960 1691 977 1717 9
992 1693 1042 1719 nei
1055 1691 1182 1728 Baehr„

171 1737 226 1758 ‘nec
239 1729 280 1758 V.
322 1729 360 1755 15
373 1729 490 1756 amor-is
504 1738 569 1763 noS,
584 1731 686 1757 amore
702 1729 739 1757 V.
783 1728 804 1755 C
814 1730 831 1756 6
839 1732 998 1764 perspecta
1010 1741 1038 1765 ω,
1047 1730 1186 1766 perfecta

171 1767 213 1797 V.
246 1768 391 1804 eyreyiest
401 1767 514 1796 Baehr.
547 1771 589 1796 est
600 1769 699 1803 iyz'tm·
710 1768 776 1804 (per
788 1768 1008 1805 compendium
1018 1769 1184 1806 scriptum)

172 1806 210 1842 Ο,
227 1808 242 1835 ἒ
255 1807 394 1842 eoeiyitur
408 1809 449 1834 est
465 1805 502 1840 G,
516 1816 575 1842 per
590 1806 681 1842 facta
695 1806 832 1836 exhibita
845 1810 888 1836 est
903 1807 1010 1844 Lach.,
1022 1812 1184 1845 perspecta

172 1848 216 1875 est
228 1845 299 1881 iym‘
312 1847 379 1874 tum
392 1844 430 1874 A.
448 1844 582 1874 Palmer.
