1388 2078
240 191 284 222 42
497 190 533 224 0.
571 190 762 224 VALERI
790 190 1006 225 CATVLLI

699 331 804 364 LXII

241 389 376 432 Vesper
391 389 503 429 adest,
520 389 680 429 iuuenes,
699 389 921 431 consurgite:
945 389 1081 432 Vesper
1096 389 1249 433 Olympo

242 435 430 474 expectata
446 432 508 464 diu
523 432 587 464 uix
602 432 749 465 tandem
763 432 900 465 lumina
917 432 1019 465 tollit.

241 486 385 517 surgere
401 476 473 507 iam
492 478 643 517 tempus,
661 475 734 508 iam
750 475 891 518 pinguis
907 475 1066 518 linquere
1081 485 1247 508 mensas·
1237 500 1248 515 ,

242 518 314 550 iam
329 518 450 550 ueniet
466 518 577 560 uirgo,
595 518 668 550 iam
684 518 820 550 dicetur
836 518 1076 560 Hymenaeus.

285 561 345 602 Hy
348 572 428 593 men
441 571 461 593 ο
473 561 690 603 Hymenaee,
706 561 849 603 Hymen
860 552 945 594 ades
956 571 976 593 o
987 561 1215 604 Hymenaee!
1240 568 1258 603 5

244 628 408 667 Cernitis,
425 628 608 670 innuptae,
626 628 797 661 iuuenes.
787 631 800 652 ‘³
822 628 1023 670 consurgite
1039 631 1182 662 contra:

242 654 409 703 nimiruni
426 671 577 704 Oetaeos
593 671 749 703 ostendit
764 671 912 703 noctifer
925 671 1034 713 ignes

242 713 293 746 sic
308 716 436 746 cer-test
451 727 460 753 ;
483 713 591 746 uiden
606 716 648 746 ut
664 714 850 756 perniciter
865 714 1062 746 exsiluere?

243 767 313 788 non
329 759 460 789 temere
476 757 649 789 exsiluere
665 770 674 796 ;
700 760 828 789 canent
844 757 938 799 quod
954 756 1069 789 uisere
1084 767 1148 799 par
1163 759 1227 789 est.

285 799 428 842 Hymen
439 810 458 831 ο
469 800 687 841 Hymenaee,
700 799 842 842 Hymen
852 799 936 832 ades
947 810 967 832 o
978 799 1200 842 Hymenaee!
1222 809 1262 832 10

243 867 325 899 Non
340 866 455 899 facilis
471 867 584 907 nobis,
603 867 780 909 aequales,
799 867 919 909 palma
934 870 1095 909 paratast
1110 880 1118 905 ;

243 910 426 952 adspicite,
444 910 617 951 innuptae
635 921 753 942 secum
768 913 810 942 ut
825 910 1000 942 meditata
1016 910 1211 952 requirunt.

242 963 314 984 non
325 952 456 985 frustra
468 952 697 991 meditantur,
710 952 843 984 habent
852 952 1080 985 memorabile
1092 952 1187 994 quod
1198 953 1256 986 sit.

243 1005 308 1027 nec
323 995 463 1034 mirum,
484 995 626 1037 penitus
643 1006 733 1037 quae
749 998 826 1027 tota
842 998 962 1027 mente
976 995 1148 1028 laborent.

244 1048 308 1070 nos
323 1038 392 1070 alio
408 1041 556 1077 mentes,
575 1038 646 1070 alio
662 1038 848 1070 diuisimus
864 1048 966 1070 aures
983 1051 990 1070 :
1222 1045 1259 1080 15

243 1081 320 1113 iure
334 1080 445 1123 igitur
460 1081 644 1113 uincemur
660 1093 668 1119 ;
696 1083 794 1113 amat
809 1080 959 1112 uictoria
972 1091 1101 1113 curam.

243 1134 353 1165 quare
368 1134 463 1155 nunc
479 1123 615 1156 animos
631 1123 758 1155 saltem
774 1123 969 1156 conuertite
984 1126 1121 1156 uestros
1136 1135 1146 1162 ;

244 1166 359 1198 dicere
374 1166 447 1198 iam
462 1166 643 1208 incipient,
662 1166 734 1198 iam
749 1166 958 1208 respondere
973 1166 1121 1198 decebit.

287 1209 430 1251 Hymen
446 1220 466 1241 o
483 1209 701 1251 Hymenaee,
721 1209 864 1251 Hymen
879 1209 964 1241 ades
980 1219 1000 1241 o
1017 1209 1235 1251 Hymenaee.

244 1276 414 1318 Hespere,
432 1276 494 1318 qui
510 1275 607 1308 caelo
622 1276 735 1308 fertur
749 1275 922 1308 crudelior
936 1276 1028 1318 ignis
1043 1279 1056 1308 ⁴?
1220 1286 1262 1309 20

244 1319 306 1360 qui
322 1322 445 1350 natam
460 1319 572 1360 possis
588 1318 761 1360 conplexu
777 1319 930 1351 auellere
946 1319 1081 1357 matris,

243 1361 455 1404 conplexum
470 1361 593 1394 matris
605 1361 818 1394 retinentem
833 1361 988 1394 auellere
1003 1364 1138 1401 natam,

282 1462 366 1490 LXII
385 1463 404 1490 3
421 1462 553 1498 pinquis
574 1462 601 1491 Ο
622 1461 825 1497 T(huanaeus
852 1460 973 1498 codex),
993 1463 1129 1498 pinques
1152 1461 1189 1492 G.
1242 1463 1263 1491 5

244 1502 282 1530 H
280 1511 389 1537 ymerio
403 1502 570 1537 hfgmncrzeae
583 1501 773 1535 Izfiztmenades
786 1510 803 1529 o
816 1501 1004 1536 hymenaeae
1017 1501 1051 1537 T,
1065 1500 1136 1536 hy&
1150 1500 1263 1537 O)men

243 1550 261 1569 0
272 1540 342 1576 hy&
356 1540 499 1575 O)menee
512 1540 581 1575 hy&
596 1539 708 1574 O)nzen
721 1540 795 1568 ades
808 1549 825 1568 0
838 1540 984 1575 hymenei?
996 1539 1028 1567 V
1042 1549 1144 1576 neque
1157 1539 1262 1569 multo

243 1579 337 1608 aliter
350 1588 403 1607 uu.
422 1578 469 1615 18,
485 1578 531 1613 25,
546 1578 592 1614 38,
607 1578 655 1614 48,
671 1579 717 1607 66.
761 1579 778 1606 6
793 1579 940 1613 consumi
953 1581 1069 1607 eretera
1084 1578 1118 1607 T.
1162 1579 1180 1606 7
1194 1582 1263 1608 oeta

243 1627 292 1647 eos
310 1618 344 1654 Τ,
364 1618 419 1646 hoc
440 1626 488 1647 cos
509 1617 547 1646 V.
590 1618 704 1646 imbres
717 1617 751 1652 T,
775 1617 873 1645 imber
893 1617 931 1645 V.
975 1617 994 1644 8
1014 1620 1092 1645 certe
1111 1619 1154 1646 est
1175 1617 1259 1646 Stat.

243 1660 322 1685 certe
343 1657 371 1685 si
391 1656 430 1691 V,
455 1665 505 1685 cer
526 1659 577 1684 teg.
595 1657 608 1684 ι’
627 1656 660 1684 T.
704 1656 722 1683 9
741 1665 801 1692 quo
820 1656 859 1684 V.
909 1656 1010 1684 uisere
1029 1656 1054 1684 T
1074 1655 1114 1691 V,
1135 1657 1262 1685 uincere

243 1696 362 1724 Auant.
387 1694 492 1731 uulgo,
517 1696 627 1723 uiuere
649 1694 762 1723 Baehr.
819 1696 911 1730 paret
932 1694 972 1722 V.
1023 1695 1061 1721 11
1087 1694 1202 1723 ‘nobilis
1222 1694 1258 1724 T.

244 1735 281 1761 12
296 1734 447 1763 meditata
457 1735 625 1770 requirunt
636 1733 670 1768 T,
684 1734 834 1762 meditare
843 1736 980 1769 querunt
989 1733 1028 1762 V.
1073 1733 1110 1760 13
1124 1742 1262 1762 memora

240 1773 321 1810 psile
342 1773 376 1801 T.
420 1773 458 1799 14
477 1782 538 1801 om.
556 1772 595 1800 V.
638 1773 676 1799 15
691 1781 753 1800 non-
767 1772 800 1800 T.
844 1773 881 1799 17
895 1774 936 1800 πᾶ
949 1771 989 1800 V.
1033 1772 1204 1800 conmittite
1217 1771 1258 1801 V.

243 1812 282 1839 20
295 1813 328 1840 et
341 1812 379 1838 26
393 1813 465 1847 quis
479 1811 513 1846 T,
533 1810 646 1839 Baehr.
663 1812 720 1847 qui
731 1811 762 1838 V
777 1810 846 1839 edd.
865 1819 964 1846 paene
979 1819 1096 1839 omnes.
1139 1811 1176 1837 22
1191 1819 1261 1839 con·

243 1851 369 1886 plexum
388 1859 456 1886 uos,
482 1850 633 1885 complacato
654 1850 678 1877 T
706 1849 747 1885 V,
776 1850 1118 1885 conplexu—retinente
1143 1849 1257 1879 Baehr-

242 1889 416 1926 conplexua
432 1889 530 1918 ucho-c
542 1897 550 1923 ;
571 1888 672 1918 altera
687 1888 697 1917 l
712 1897 807 1925 supra
820 1888 937 1917 lineam
951 1888 1068 1925 scripto
1082 1888 1116 1917 T.
