1388 2078
399 149 632 185 CARMINA
667 147 854 182 LV—LX
1096 148 1138 178 33

111 229 263 263 morbosi
279 228 422 271 pai-itm,
440 228 583 270 gemelli
600 227 692 269 utriq
697 237 753 266 ue,

112 283 183 305 uno
198 272 236 304 in
251 271 414 304 lecticulo
430 254 600 319 erudituli
616 270 731 309 ambo,

112 326 184 348 non
198 315 257 347 hic
272 325 381 363 quarn
396 313 456 346 ille
472 313 586 355 magis
603 324 715 345 uorax
730 312 881 353 adulter,

113 358 246 391 riuales
262 357 368 390 sociei
384 356 632 398 paenularum.

112 401 232 444 pulcre
246 400 414 434 conuenit
428 399 583 442 inprobis
600 398 766 432 cinaedis.
1098 407 1136 430 10

561 508 687 542 LVIII

113 568 225 609 Caeli,
242 568 372 602 Lesbia
386 570 519 608 nostra,
538 567 667 601 Lesbia
682 567 757 607 illa,

112 612 177 645 illa
192 593 330 651 L'esbia,
349 622 458 654 quam
475 611 639 644 Catullus
654 621 766 642 unam

113 654 193 697 plus
210 665 317 697 quam
332 665 369 687 se
386 657 494 696 atque
510 664 591 686 51105
607 653 745 685 amauit
761 663 895 693 omnes,

116 708 211 730 nunc
225 698 263 730 in
279 697 476 746 quadriuiis
492 699 528 729 et
542 696 736 738 angiportis

113 740 229 783 glubit
244 739 482 783 magnanimis
496 740 600 772 Remi
616 741 772 781 nepotes.
1119 745 1137 780 5

583 847 670 881 LIX

115 915 347 950 Bononiensis
363 915 444 948 rufa
458 915 619 948 rusulum
634 914 747 954 fellat,

114 970 205 992 uxor
219 958 377 998 Meneni,
396 969 500 1000 saepe
516 969 625 1000 quam
640 958 678 990 in
693 957 899 1000 sepulcretis

115 1002 283 1035 uidistis
273 1012 350 1044 ipso
365 1011 487 1043 rapere
503 1001 546 1033 de
562 1011 644 1042 rogo
660 1011 795 1039 cenam,

117 1056 198 1078 cum
213 1045 424 1077 deuolutum
440 1054 484 1076 ex
499 1043 582 1083 igne
597 1054 810 1086 prosequens
825 1053 955 1085 panem

115 1088 162 1121 ab
178 1087 345 1120 semiraso
360 1086 570 1119 tunderetur
585 1089 714 1118 ustore.
1120 1092 1136 1126 3

593 1194 659 1228 LX

117 1255 215 1289 Num
230 1257 266 1288 te
281 1254 408 1287 leanea
422 1254 604 1287 montibus
620 1253 816 1296 Libystinis

118 1301 184 1331 aut
201 1297 321 1340 Scylla
336 1297 473 1330 latrans
488 1297 637 1329 infima
628 1297 815 1339 inguinum
831 1299 931 1338 parte

117 1344 194 1374 tam
208 1344 328 1373 mente
344 1340 433 1373 (11113
449 1339 647 1388 procreauit
662 1350 704 1371 ac
718 1342 846 1378 taetra,

116 1387 159 1416 ut
175 1383 341 1426 supplicis
358 1393 482 1415 uocem
496 1382 535 1414 in
551 1382 745 1431 nouissimo
760 1392 845 1414 casu

118 1429 359 1468 contemptam
370 1425 529 1465 haberes,
548 1436 581 1465 a,
599 1425 706 1457 nimis
720 1424 795 1458 fero
809 1424 932 1457 corde.
921 1427 934 1447 ⁹
1120 1432 1136 1466 5

156 1547 184 1583 6,
201 1546 220 1575 '7
233 1545 312 1575 haec
323 1546 370 1576 ita
384 1545 459 1576 dist.
475 1545 600 1581 Mumo,
618 1545 653 1574 L.
665 1544 775 1575 Muell.
790 1545 883 1574 aliter
897 1545 962 1574 3111.
1003 1546 1136 1581 yemelli.

117 1586 242 1615 macelli
255 1585 370 1615 Baehr.
413 1585 554 1614 lecticulo
570 1585 597 1614 Ο
608 1584 724 1613 1330111.
738 1585 848 1613 lectulo
861 1584 889 1614 G
900 1584 971 1613 edd.
983 1584 1136 1621 plerique.

119 1626 137 1652 9
151 1625 244 1654 sociei
258 1623 340 1653 soal.
383 1625 459 1652 socii
472 1627 501 1652 et
514 1623 555 1652 V.
635 1623 734 1651 LVIII
748 1624 766 1650 1
780 1626 887 1652 uestra
899 1623 940 1652 V.
983 1624 1002 1650 5
1021 1632 1140 1659 magma

119 1662 197 1698 a(ad
208 1661 412 1698 Gkniremini
424 1662 465 1691 V.
511 1663 725 1698 magnanimis
733 1662 825 1691 Remi
836 1662 926 1696 ΕΠ15,
938 1663 1140 1697 magnanimi

118 1700 158 1729 R.
174 1699 267 1729 Voss.
283 1699 505 1735 maynanimos
523 1699 562 1727 R.
580 1698 667 1735 uulg.
715 1698 794 1727 Post
812 1699 845 1728 11.
862 1707 894 1728 11.
910 1699 943 1727 V
962 1699 1060 1729 habet
1080 1700 1139 1728 LV

118 1737 220 1767 23-32.
273 1737 341 1765 LIX
366 1738 385 1765 1
412 1737 490 1774 rufa
516 1737 665 1774 rusulum
691 1736 802 1774 (genus
829 1737 990 1774 quoddam
1016 1738 1138 1767 tribuni

118 1775 272 1812 militum)
287 1776 438 1812 Pleitner,
454 1776 532 1812 rufa
544 1776 656 1812 rufum
668 1776 701 1804 V
712 1786 720 1811 ;
741 1776 831 1813 Rufa
841 1777 1001 1813 Rufulum
1011 1777 1136 1807 Pau-ad.

119 1815 172 1843 Lx
184 1817 203 1844 5
213 1818 389 1845 contentam
399 1815 525 1845 Vunde
538 1816 573 1845 iu
584 1815 612 1845 O
623 1825 642 1845 a
654 1815 758 1853 prima
771 1824 870 1845 manu
883 1819 1090 1853 conte-uptam,
1103 1817 1136 1846 in

120 1854 150 1887 G
163 1857 347 1892 oonteptam.

622 1940 649 1965 D
