1388 2078
207 182 250 212 40

208 340 267 372 180

208 578 265 620 185

208 826 267 857 190

206 1536 268 1571 205

245 1725 303 1753 188
324 1728 367 1754 est
388 1725 445 1754 tibi
458 1725 498 1759 V,
522 1734 599 1754 corr.
625 1736 653 1753 ω.

460 180 495 214 C.
533 180 726 214 VALERI
754 180 811 213 CA
820 180 973 213 TVLLI

374 252 529 291 flamma,
548 253 609 285 sed
626 253 744 295 penite
761 253 885 294 magis.

372 295 408 328 io
424 296 566 337 Hymen
585 296 790 337 Hymenaee
808 295 853 334 io,

417 338 453 370 io
470 338 614 380 Hymen
632 338 852 380 Hymenaee.

374 406 478 438 mitte
494 406 714 438 brachiolum
730 409 833 446 teres,

373 451 606 491 praetextate,
626 449 806 490 puellulae
821 463 830 482 ε

373 492 445 524 iam
462 492 576 524 cubile
593 492 698 524 adeat
715 492 791 524 uiri.

374 535 409 567 io
426 535 569 575 Hymen
587 535 793 576 Hymenaee
808 533 855 573 io,

416 577 451 609 io
467 577 609 619 Hymen
626 578 844 620 Hymenaee.

374 655 438 676 ‘uos
453 644 565 676 bonae
581 644 724 676 senibus
740 644 827 676 uiris

375 687 537 728 cognitae
554 687 642 719 bene
658 686 823 726 feminae,

375 730 544 762 collocate
560 729 765 771 puellulam.

375 772 410 805 io
427 773 569 814 Hymen
586 773 793 814 Hymenaee
808 771 855 812 io,

417 815 452 847 io
468 815 610 857 Hymen
627 815 844 857 Hymenaee.

373 882 446 914 iam
461 881 544 914 lieet
559 881 694 920 uenias,
712 880 860 915 marite:

374 935 463 956 uxor
477 925 514 956 in
531 924 688 956 thalamo
704 924 806 956 tibist

376 978 434 999 ore
450 967 612 999 floridulo
628 967 756 1005 nitens,

375 1010 458 1042 alba
474 1009 677 1051 parthenice
693 1009 797 1042 uelut

421 1053 608 1084 luteumue
624 1063 788 1094 papauer.

377 1122 425 1158 at,
444 1119 582 1158 marite,
603 1119 667 1158 (ita
683 1130 739 1151 me
754 1118 882 1151 iuuent

375 1163 532 1201 caelites)
549 1162 660 1194 nihi-lo
676 1162 793 1193 minus

376 1205 496 1248 pulcer
512 1216 560 1245 es,
578 1215 692 1247 neque
709 1208 744 1236 te
761 1204 885 1236 Venus

378 1259 444 1290 neg
426 1248 544 1290 elegit.
593 1248 653 1280 sed
670 1247 745 1279 abit
762 1247 862 1279 dies·
851 1271 862 1286 ‚

421 1301 536 1333 perge,
555 1301 600 1322 ne
616 1300 799 1322 r‘emolalsse

376 1368 447 1389 non
463 1357 525 1389 diu
541 1359 735 1389 remoratus
753 1366 800 1394 es,

376 1400 449 1432 iam
466 1400 576 1431 uenis.
626 1399 718 1431 bona
735 1401 770 1431 te
786 1398 820 1430 V
821 1409 908 1431 enus

375 1443 517 1480 iuuerit,
536 1442 703 1484 quoniam
721 1441 839 1483 palam

376 1485 471 1528 quod
487 1496 584 1526 cup1s
601 1485 699 1525 cupis
716 1487 751 1516 et
767 1484 901 1516 bonum

421 1539 491 1559 non
509 1527 694 1560 abscondis
710 1536 876 1559 a1n0r.em

375 1594 436 1626 ille
452 1594 609 1636 pulueris
626 1593 759 1626 Africei

376 1637 601 1679 siderumque
620 1636 830 1668 micantium

1164 300 1224 336 175

1165 531 1227 566 180

1166 771 1225 813 185

1166 1017 1227 1050 190

1167 1254 1225 1290 195

1164 1494 1229 1518 200

698 1725 754 1751 190
775 1722 834 1753 nl't
849 1724 876 1753 O
892 1723 943 1760 (cf.
960 1733 992 1754 u.
1009 1724 1060 1761 40)
1074 1725 1169 1755 uultu
1185 1725 1223 1755 G.

207 1765 334 1791 192-196
344 1766 416 1801 post
425 1764 482 1792 201
494 1764 590 1792 habet
605 1764 643 1792 V.
679 1764 736 1790 194
747 1764 789 1791 ad
801 1765 955 1792 maritum
966 1767 1070 1793 tamen
1080 1766 1228 1793 uiuenem

206 1803 248 1837 V,
271 1812 348 1831 corr.
372 1803 518 1838 Scaliger.

207 1843 329 1870 *uenerit
350 1841 389 1869 V.

206 1881 249 1917 V,
265 1890 340 1909 corr.
360 1879 441 1910 Scal.

562 1803 618 1830 197
640 1805 795 1831 remorata
818 1802 856 1837 G,
880 1806 999 1831 remota
1020 1803 1058 1832 O.
1100 1804 1157 1831 199
1177 1804 1226 1832 in-

433 1842 490 1869 200
510 1851 537 1878 q.
562 1850 586 1871 c.
611 1842 698 1878 capis
720 1842 748 1870 G
763 1850 802 1870 ex
821 1850 898 1871 corr.
923 1841 1010 1879 uulg.
1053 1842 1110 1870 202
1131 1843 1226 1872 ericei
