1388 2078
308 197 541 231 CARMINA
573 195 948 230 XXIX—XXXIII

115 276 179 309 uix
195 276 245 308 mi
259 275 335 318 ipse
349 275 494 308 credens
511 275 691 317 Thyniam
707 277 815 317 atque
832 274 1007 317 Bithynos

115 318 262 362 liquisse
276 329 418 360 campos
435 322 470 350 et
485 318 606 350 uidere
622 322 658 350 te
673 318 710 350 in
726 321 817 350 tuto.

115 372 147 401 o,
166 362 252 404 quid
268 361 392 394 solutis
409 364 463 394 est
479 361 618 393 beatius
634 361 737 400 curis,

114 415 196 437 eum
211 415 310 437 mens
326 415 414 437 onus
430 404 578 447 reponit,
598 415 640 436 ac
654 404 837 446 peregrino

115 447 235 480 labore
249 447 334 480 fessi
350 447 513 479 uenimus
530 447 640 480 larem
656 447 702 479 ad
717 450 879 479 nostrum

115 490 386 532 desideratoque
402 490 658 532 acquiescimus
674 490 764 522 lecto
781 494 787 522 ἔ

114 533 181 566 hoc
196 536 261 572 est,
279 533 373 576 quod
389 536 536 565 unumst
552 544 613 575 pro
628 532 808 565 laboribus
824 533 947 565 tantis.

115 576 226 615 salue,
245 587 266 609 ο
280 580 435 609 uenusta
451 576 589 615 Sirmio,
608 579 717 617 atque
733 587 790 608 ero
807 576 923 617 gaude
938 589 947 610 ι

114 619 268 661 gaudete
283 629 428 661 uosque,
447 629 467 651 o
482 619 640 661 liquidae
656 620 754 651 lacus
771 619 909 652 undae:

115 661 239 703 ridete,
258 662 431 705 quidquid
447 666 500 694 est
517 662 612 695 domi
628 662 889 695 cachinnorum.

550 780 699 813 XXXII

116 839 268 879 Amabo,
286 849 366 872 mea
382 838 495 871 dulcis
512 839 704 881 Ipsithilla,

115 893 216 915 meae
231 882 389 921 deliciae,
409 882 479 914 mei
493 882 639 924 lepores,

116 925 200 958 iube
216 925 262 958 ad
277 928 313 958 ‘ce
328 925 471 957 ueniam
488 925 725 958 meridiatum.

115 970 152 1001 et
167 968 198 1000 si
212 968 366 1007 iusseris,
384 968 474 1000 illud
491 968 673 1007 adiuuato,

116 1021 162 1043 ne
177 1011 256 1054 quis
272 1011 404 1043 liminis
420 1011 558 1043 obseret
574 1011 755 1051 tabellam,

116 1064 187 1086 neu
202 1053 269 1086 tibi
284 1053 407 1086 lubeat
422 1053 515 1085 foras
531 1053 639 1092 abire,

116 1096 178 1129 sed
195 1096 290 1128 domi
306 1107 450 1128 maneas
466 1106 639 1138 paresque
654 1096 754 1129 nobis

116 1149 246 1171 nouem
262 1139 447 1171 continuas
464 1139 671 1171 fututiones.

118 1192 253 1221 uerum,
272 1181 390 1224 siquid
406 1192 499 1223 ages,
519 1181 642 1213 statim
658 1181 779 1214 iubeto
794 1195 804 1215 ε

117 1235 201 1257 nam
215 1235 364 1267 pransus
380 1224 477 1256 iaceo
493 1227 529 1256 et
545 1227 643 1256 satur
659 1225 806 1266 supinus

118 1267 292 1310 pertundo
308 1267 538 1309 tunicamque
554 1266 784 1309 palliumque.

540 1376 710 1408 XXXIII

118 1436 147 1469 Ο
164 1435 284 1468 furum
299 1436 431 1478 optime
447 1436 709 1468 balneariorum

117 1479 273 1511 Vibenni
289 1482 400 1521 pater,
419 1482 453 1511 et
472 1479 616 1511 cinaede
632 1479 695 1518 fili,

118 1524 215 1561 (nam
231 1521 358 1554 dextra
373 1525 474 1564 pater
488 1521 738 1563 inquinatiore,

116 1564 197 1596 culo
212 1564 306 1596 filius
323 1568 376 1597 est
392 1564 584 1604 uoraciore)

116 1617 178 1639 cur
193 1617 263 1639 non
280 1607 427 1640 exilium
445 1607 627 1649 malasque
642 1607 679 1639 in
696 1618 774 1640 oras

116 1649 189 1690 itis,
207 1650 494 1693 quandoquidem
510 1650 621 1692 patn's
636 1651 782 1692 rapinae

1098 198 1136 228 19

1095 499 1133 522 10

1100 1237 1137 1259 10

183 1786 284 1815 XXXI
307 1788 326 1815 5
346 1788 492 1817 mimium
515 1797 544 1817 α.
575 1788 726 1818 bithiniae
748 1788 781 1816 V
801 1788 886 1818 unde
911 1789 1074 1818 Thuniam
1099 1799 1129 1819 a.

117 1826 274 1855 Bz'thunos
288 1826 447 1862 Schwabe,
465 1827 504 1856 al.
537 1827 573 1854 13
588 1836 643 1856 uos
657 1836 774 1864 quoque
789 1828 847 1863 [ίῳ
862 1827 955 1863 G)dz‘e
967 1829 1006 1865 V,
1018 1837 1135 1864 uosque

117 1875 135 1893 ο
149 1876 178 1900 ω,
196 1865 336 1901 liquidae
350 1875 415 1898 nos,
434 1867 584 1901 limpidae
598 1867 716 1894 Auant.
734 1866 835 1901 Lydii
855 1866 936 1896 Scal.

116 1904 136 1932 1
149 1904 312 1941 Ipsimilla
324 1904 438 1933 Baehr.
475 1906 493 1931 4
507 1905 549 1933 ad
553 1905 650 1933 iubeto
664 1905 797 1934 Turneb.

1017 1866 1133 1895 XXXII
