1414 2130
248 182 313 214 viii
616 180 716 213 PRA
722 179 790 212 EF
788 180 820 212 A
827 179 878 212 TI
878 179 905 212 0

250 257 311 293 613
332 256 374 287 62
389 256 441 293 35,
455 255 497 286 53
512 263 588 296 sqq.
608 255 649 286 59
658 265 667 292 3
690 254 732 285 63
747 255 800 292 54,
815 254 868 291 63,
883 253 924 284 88
936 254 972 284 et
987 251 1136 294 passim3
1159 252 1201 284 64
1214 253 1265 290 11,

251 307 303 344 16,
319 307 390 344 109,
405 306 468 338 355
484 317 492 343 ;
515 305 558 337 66
575 306 625 343 15,
643 305 707 343 59;
731 304 771 338 67
794 305 855 342 12;
879 304 922 336 68
941 303 993 342 27,
1012 303 1074 335 68*
1093 304 1164 341 102,
1184 304 1267 340 116;

250 357 393 395 711,3;
417 356 514 394 7343
537 356 636 393 941;
658 355 754 393 9733
777 355 894 393 9915;
920 355 1033 393 1021;
1059 354 1268 392 1073‚7,8;

251 409 313 439 110
327 408 358 445 3,
377 408 419 445 7;
446 408 506 438 114
521 407 564 445 6;
589 408 650 438 115
668 407 698 444 1,
716 405 767 444 7¹,
781 404 905 447 fragm.
927 406 976 437 10.
1014 404 1099 436 011111
1113 404 1151 436 111
1166 403 1268 436 Actis

250 456 514 499 Philologorum
536 455 631 498 apud
654 455 963 497 Cantabrigienses
984 454 1172 488 Societatis
1189 457 1217 494 (Ι
1232 465 1265 497 p.

249 510 326 548 312)
336 508 460 540 misere
470 509 673 549 corruptum
683 517 827 539 uersum
838 508 903 546 (25,
916 507 950 546 5)
962 506 1016 539 ita
1030 516 1156 539 sanare
1167 516 1268 538 cona-

250 562 309 591 tus
321 569 417 591 sum:
438 561 535 590 ‘cum
544 557 685 590 Murcia
699 558 868 590 atriarz'os
881 557 1036 590 ostendit
1046 557 1236 590 oscitantes
1247 557 1266 589 ’.

248 609 316 642 hoc
339 608 419 641 ideo
443 619 513 641 non
536 610 717 651 praetereo
739 607 835 650 quod
860 607 1001 640 dixerat
1025 607 1113 640 mihi
1139 608 1271 640 Munro

251 659 325 693 tale
336 670 374 693 se
385 659 535 692 uerbum
549 659 683 692 frustra
698 658 928 701 quaesfflisse,
940 661 1078 701 reperto
1092 658 1139 691 ad
1154 658 1271 695 locum

250 711 478 744 reficiendum
494 720 643 743 usurum
657 710 778 742 fuisse.

294 762 376 794 Non
398 761 514 793 defuit
540 760 642 793 nobis
667 761 705 792 in
731 760 797 793 hoc
823 760 964 803 incepto
986 760 1095 792 etiam
1121 760 1271 793 aliorum

251 812 428 845 auxilium
438 815 548 854 atque
563 822 669 854 opera
680 811 894 844 uoluntaria.
922 822 1006 844 nam
1018 822 1100 844 suas
1114 811 1270 844 nondum

252 863 367 896 editas
393 863 612 895 coniecturas
637 862 890 904 benignissime
916 862 1004 894 mihi
1026 862 1198 895 miserunt
1222 862 1267 895 H.

252 913 457 956 Nettleship
473 916 509 945 et
524 913 568 946 A.
588 913 629 945 E.
650 913 845 945 Housman.
893 912 983 945 alter
997 912 1035 945 in
1049 914 1091 945 64
1108 914 1168 945 189
1187 915 1196 930 ‘
1208 923 1272 945 nec

252 965 350 1007 prius
375 975 398 997 a
423 964 515 997 fesso
541 963 707 996 secedent
733 973 874 1005 corpore
903 963 1046 996 sensus’
1072 974 1152 995 cum
1181 963 1271 995 fflud

253 1016 380 1058 afesso
402 1017 606 1056 corruptum
628 1024 705 1046 esse
729 1014 874 1053 iudicet,
892 1025 912 1047 e
931 1014 1094 1056 uestigiis
1113 1014 1272 1047 codicum

254 1066 381 1108 (afesso
407 1065 450 1105 G,
480 1065 602 1107 affesso
625 1065 669 1104 O)
694 1065 815 1107 affecto
839 1065 919 1097 uult
944 1065 1079 1098 elicere.
1125 1064 1272 1097 alterius

254 1116 520 1149 emendationes
531 1115 660 1158 partim
673 1115 710 1148 in
725 1118 867 1147 textum
876 1115 1081 1158 recepimus,
1095 1115 1272 1158 partimin

254 1167 488 1201 adnotatione
503 1166 550 1199 ad
572 1166 690 1199 locum
713 1176 891 1208 quamque
907 1177 1011 1198 sumn
1026 1177 1272 1199 commemora-

254 1219 373 1251 uimus
387 1231 396 1258 ;
433 1220 579 1256 ceteras,
607 1217 763 1259 exceptis
786 1217 953 1249 nimirum
980 1217 1023 1249 113
1054 1228 1146 1260 quae
1175 1228 1272 1250 occu-

254 1270 429 1312 pauerant
444 1267 518 1307 alii,
536 1267 605 1307 hic,
623 1270 665 1300 ut
680 1278 744 1310 par
758 1270 824 1306 est,
843 1267 1089 1300 exscribemus.
1127 1269 1147 1300 8
1164 1270 1214 1306 14,
1235 1271 1274 1301 15

258 1323 267 1336 ‘
279 1330 359 1352 cum
374 1318 551 1361 rogaberis
567 1318 678 1357 nulla,
694 1317 854 1357 scelesta,
866 1322 907 1350 ‘ut
921 1322 1004 1350 ante
1017 1318 1036 1358 ³,
1054 1320 1096 1350 64
1113 1320 1152 1351 16
1171 1321 1179 1335 ‘
1190 1319 1274 1350 illac

255 1371 393 1413 iqnaris
402 1370 570 1402 uiderunt
585 1369 664 1402 luce
679 1369 834 1401 marinas
844 1369 1009 1401 mortales
1021 1370 1128 1401 oculis
1139 1369 1274 1401 nudato

255 1431 396 1463 corpore
426 1419 640 1462 Nymphas',
669 1423 711 1452 ut
740 1421 877 1462 ifflzaris
905 1420 1065 1462 ignotam
1094 1430 1168 1452 rem
1197 1430 1273 1452 esse

255 1472 441 1515 significet,
468 1473 509 1506 76
531 1473 571 1504 10
600 1474 728 1513 ‘quare
749 1481 811 1503 cur
833 1472 907 1503 iam
931 1471 1020 1510 tete',
1039 1471 1078 1505 77
1100 1473 1120 1503 6
1140 1471 1274 1504 ‘laesae

257 1523 330 1562 (1101
344 1522 460 1556 simile
482 1521 582 1564 quid)
604 1524 728 1564 pectus
749 1521 947 1554 amicitiae'
969 1521 1080 1561 (codd.
1107 1525 1270 1561 nostrae),

295 1660 307 1680 1
327 1660 424 1689 Errat
443 1659 523 1688 Ellis
543 1658 694 1696 (Interpr.
717 1659 758 1689 ad
778 1659 809 1688 h.
834 1658 909 1696 100.)
928 1660 1070 1688 nostram
1089 1659 1270 1696 (wmoeimus,

257 1708 337 1736 atter
349 1716 415 1736 ‘non
428 1705 530 1742 homo)
544 1708 578 1735 et
591 1706 744 1735 Ludouici
759 1706 909 1735 Schwabe
924 1706 1096 1742 (maximus
1109 1707 1196 1742 alter,
1210 1716 1275 1735 mm

257 1752 358 1790 homo)
370 1753 606 1782 emendationes
621 1753 853 1782 confundendo.
884 1753 973 1781 cuius
984 1753 1029 1782 rei
1043 1754 1110 1790 ipse
1124 1753 1274 1782 Schwabe

257 1801 349 1830 testis
365 1801 425 1829 erit
439 1801 493 1838 qui
507 1801 547 1830 de
561 1810 617 1829 suo
636 1801 717 1829 alter
737 1800 815 1830 haec
835 1800 876 1829 ad
896 1810 953 1829 nos
967 1800 1111 1837 scripsit:
1137 1800 1158 1813 “
1169 1801 1274 1830 omnia

257 1847 334 1876 haec
343 1847 444 1876 altera
456 1848 531 1875 sunt
545 1856 674 1883 magna:
697 1848 806 1876 tamen
820 1847 918 1884 ipsest
932 1847 1012 1875 alter
1022 1856 1164 1884 magnus,
1177 1848 1274 1877 immo

258 1894 433 1923 maximus:
456 1903 512 1922 1100
527 1895 635 1923 tamen
650 1894 744 1923 homo
758 1903 901 1930 magnus,
919 1892 1040 1923 sed—”.
