1388 2078
244 148 286 182 74
511 147 545 181 C'.
585 147 776 181 VALERI
804 148 1021 183 CATVLLI

242 220 404 253 aemulus
419 220 498 260 iste,
517 223 594 253 toro
609 221 671 263 qui
687 224 805 254 uestro
820 225 958 255 exercet
974 233 1140 264 amorem,

286 264 464 296 mirificest
479 274 502 296 a
516 266 552 296 te
568 267 694 296 nactus
710 267 903 307 utrumque
917 265 1063 298 malum.

243 317 326 339 nam
342 307 505 349 quotiens
521 307 643 345 futuit,
663 307 792 340 totiens
807 308 990 341 ulciscitur
1004 309 1126 342 ambos
1139 322 1147 343 :
1236 317 1255 351 5

284 349 384 383 illam
399 349 538 392 adfligit
553 349 668 390 odore,
686 350 762 392 ipse
778 351 870 393 perit
885 351 1051 394 podagra.

675 435 817 470 LXXII

242 495 394 528 Dicebas
410 494 588 538 quondam
605 495 721 527 solum
736 498 773 528 te
787 506 890 530 nosse
905 496 1101 538 Catullum,

284 537 422 576 Lesbia,
440 548 505 570 nec
519 549 603 580 prae
618 549 674 571 me
689 539 782 571 uelle
797 542 917 572 tenere
933 540 1066 573 Iouem.

240 580 351 614 dilexi
366 584 443 613 tum
458 583 495 613 te
510 591 580 613 non
596 584 739 614 tantum
754 585 796 614 ut
811 582 938 625 uolgus
953 583 1116 623 amicam,

282 623 344 656 sed
360 626 461 665 pater
475 626 517 655 ut
531 627 658 666 gnatos
674 624 792 666 diligit
807 628 843 657 et
857 636 1013 668 generos.

239 676 334 698 nunc
349 668 386 698 te
400 667 550 708 cognoui
565 680 571 699 :
597 677 705 709 quare
721 667 789 700 etsi
802 667 986 710 inpensius
1001 679 1093 709 uror,
1236 677 1254 712 5

282 708 396 741 multo
411 710 460 741 mi
475 712 595 741 tamen
612 720 649 742 es
664 709 769 742 uilior
784 713 820 743 et
835 710 955 743 leuior.

242 754 250 769 ‘
261 752 324 794 qui
339 752 430 794 potis
447 752 541 784 est⁷?
563 752 691 795 inquis.
730 753 814 795 quia
829 757 1010 786 amantem
1025 754 1156 788 iniuria
1170 754 1253 789 talis

280 795 375 838 cogit
390 805 509 828 amare
524 796 637 838 magis
653 795 715 828 sed
731 796 820 829 bene
835 797 928 830 uelle
944 797 1071 831 minus.

662 896 824 929 LXXIII

237 954 370 987 Desine
385 954 430 986 de
445 964 625 997 quoquam
641 955 832 998 quicquam
846 955 937 989 bene
951 956 1045 990 uelle
1061 958 1185 991 mereri

279 1000 344 1030 aut
359 997 516 1039 aliquem
530 997 606 1030 fieri
622 1008 722 1040 posse
738 1001 862 1040 putare
877 999 987 1041 pium.

237 1040 356 1072 onmia
372 1043 456 1072 sunt
471 1040 622 1082 ingrata,
641 1041 732 1073 nihil
747 1041 871 1074 fecisse
887 1042 1038 1084 benigne
1052 1055 1062 1083 ;

279 1082 387 1115 immo
403 1083 524 1116 taedet
536 1083 707 1126 obestque
719 1087 751 1116 et
762 1084 875 1127 magis
891 1088 1000 1127 atque
1018 1086 1151 1128 magis:

237 1128 278 1158 ut
293 1125 392 1165 mihi,
411 1136 516 1168 quem
531 1137 635 1158 nemo
650 1126 795 1168 grauius
810 1138 874 1160 nec
890 1128 1049 1160 acerbius
1064 1131 1178 1171 urget,
1233 1138 1251 1172 5

278 1179 387 1243 quani}
409 1168 512 1244 lgxodo
527 1169 589 1212 qui
605 1180 661 1202 me
680 1180 793 1202 unum
808 1172 918 1213 atque
937 1171 1084 1204 unicum
1098 1172 1252 1205 amicum

388 1222 409 1244 a
435 1212 498 1244 uit.

657 1288 815 1323 LXXIV

235 1346 373 1379 Gellius
388 1346 551 1380 audierat
566 1350 729 1389 patruom
745 1348 929 1392 obiurgare
945 1349 1066 1390 solere,

276 1389 387 1432 siquis
403 1390 549 1422 delicias
565 1390 695 1423 diceret
709 1394 774 1423 aut
789 1391 929 1426 faceret.

234 1432 299 1465 hoc
314 1443 358 1464 ne
373 1432 441 1474 ipsi
455 1433 640 1472 accideret,
658 1434 776 1475 patrui
791 1435 994 1477 perdepsuit
1008 1435 1123 1478 ipsam

276 1486 421 1507 uxorem
437 1478 473 1508 et
488 1478 651 1517 patruom
667 1476 822 1509 reddidit
838 1477 1102 1520 Harpocratem.

271 1574 290 1601 3
313 1576 380 1603 toro
403 1583 431 1611 q.
456 1577 558 1603 uestro
581 1584 648 1610 nos,
673 1577 747 1604 tuus
768 1585 796 1613 q.
823 1579 966 1606 uestrum
986 1577 1027 1614 V,
1050 1580 1104 1607 tuo
1123 1587 1150 1615 q.
1175 1579 1249 1609 lecto

232 1612 347 1642 Baehr.
389 1613 409 1640 4
428 1616 477 1642 ate
497 1614 538 1649 V,
555 1616 626 1650 apte
646 1614 794 1650 Schoeu.,
809 1615 972 1652 mirificost
985 1616 1058 1652 sato
1079 1617 1117 1647 G.
1134 1618 1244 1648 Herm.

232 1650 344 1679 LXX-11
364 1651 575 1680 Interuallum
596 1653 628 1681 in
642 1652 682 1682 V.
726 1654 743 1680 6
761 1655 859 1683 multo
873 1656 920 1683 ita
933 1664 981 1684 me
994 1664 1049 1685 ‘nec
1063 1655 1103 1685 V.
1140 1657 1158 1684 '1
1169 1658 1249 1693 quia

231 1688 327 1722 stat„
344 1696 440 1723 quam
455 1687 493 1723 V,
511 1688 593 1724 quod
613 1698 641 1718 ω.
697 1687 825 1716 LXXIII
843 1691 864 1717 4
882 1691 930 1720 ita
949 1701 1016 1722 nos.
1033 1694 1128 1722 immo
1147 1694 1244 1723 etiam

230 1725 331 1754 taedet
350 1726 489 1762 obestque
508 1727 669 1763 mayisque
688 1729 790 1763 massis
804 1728 845 1765 V,
866 1731 939 1766 post
957 1731 1135 1761 Auantium
1155 1732 1240 1768 edd„

230 1766 349 1800 puncto
360 1766 432 1800 post
443 1765 571 1801 benique
581 1766 716 1802 sublato,
730 1769 890 1804 mucisque
901 1769 1018 1806 delent,
1031 1770 1127 1800 deleti
1137 1770 1242 1800 locum

230 1803 295 1831 suis
309 1805 496 1832 commentis
508 1805 645 1841 explent,
658 1806 748 1834 uelut
759 1808 904 1842 prodest:
918 1809 1013 1838 immo
1024 1811 1119 1840 etiam
1129 1811 1162 1839 et
1172 1819 1201 1847 q.
1214 1819 1238 1839 s.

231 1842 366 1871 Guietus
380 1843 479 1879 uulg.,
496 1845 562 1873 iam
579 1846 670 1874 ιἰιιιαί
684 1845 808 1875 Mumo.
