<?xml version="1.0" encoding="UTF-8"?>
<!DOCTYPE html PUBLIC "-//W3C//DTD XHTML 1.0 Transitional//EN"
    "http://www.w3.org/TR/xhtml1/DTD/xhtml1-transitional.dtd">
<html xmlns="http://www.w3.org/1999/xhtml" xml:lang="en" lang="en">
 <head>
  <title>
</title>
<meta http-equiv="Content-Type" content="text/html;charset=utf-8" />
  <meta name='ocr-system' content='tesseract 3.04.00' />
  <meta name='ocr-capabilities' content='ocr_page ocr_carea ocr_par ocr_line ocrx_word'/>
</head>
<body>
  <div class='ocr_page' id='page_1' title='image "./carmina00catuuoft_0021.png"; bbox 0 0 1388 2078; ppageno 0'>
   <div class='ocr_carea' id='block_1_1' title="bbox 429 179 874 213">
    <p class='ocr_par' dir='ltr' id='par_1_1' title="bbox 429 179 874 213">
     <span class='ocr_line' id='line_1_1' title="bbox 429 179 874 213; baseline 0 -1"><span class='ocrx_word' id='word_1_1' title='bbox 429 179 660 212; x_wconf 80' lang='lat' dir='ltr'><em>GARMINA</em></span> <span class='ocrx_word' id='word_1_2' title='bbox 697 179 766 213; x_wconf 89' lang='lat' dir='ltr'>V—</span> <span class='ocrx_word' id='word_1_3' title='bbox 775 179 874 213; x_wconf 87' lang='lat' dir='ltr'><em>VIII</em></span> 
     </span>
    </p>
   </div>
   <div class='ocr_carea' id='block_1_2' title="bbox 137 254 828 383">
    <p class='ocr_par' dir='ltr' id='par_1_2' title="bbox 137 254 828 383">
     <span class='ocr_line' id='line_1_2' title="bbox 138 254 828 298; baseline 0 -11"><span class='ocrx_word' id='word_1_4' title='bbox 138 265 246 296; x_wconf 87' lang='lat' dir='ltr'>quare</span> <span class='ocrx_word' id='word_1_5' title='bbox 261 254 434 298; x_wconf 82' lang='lat' dir='ltr'>quidqm&#39;d</span> <span class='ocrx_word' id='word_1_6' title='bbox 450 254 558 287; x_wconf 83' lang='lat' dir='ltr'>habes</span> <span class='ocrx_word' id='word_1_7' title='bbox 574 254 657 286; x_wconf 88' lang='lat' dir='ltr'>boni</span> <span class='ocrx_word' id='word_1_8' title='bbox 672 254 828 296; x_wconf 80' lang='lat' dir='ltr'>malique</span> 
     </span>
     <span class='ocr_line' id='line_1_3' title="bbox 137 297 800 330; baseline 0 0"><span class='ocrx_word' id='word_1_9' title='bbox 137 297 194 330; x_wconf 87' lang='lat' dir='ltr'>dic</span> <span class='ocrx_word' id='word_1_10' title='bbox 208 298 318 330; x_wconf 75' lang='lat' dir='ltr'>nobis.</span> <span class='ocrx_word' id='word_1_11' title='bbox 366 297 447 329; x_wconf 91' lang='lat' dir='ltr'>uolo</span> <span class='ocrx_word' id='word_1_12' title='bbox 462 300 498 330; x_wconf 89' lang='lat' dir='ltr'>te</span> <span class='ocrx_word' id='word_1_13' title='bbox 514 308 555 330; x_wconf 82' lang='lat' dir='ltr'>ao</span> <span class='ocrx_word' id='word_1_14' title='bbox 570 299 649 329; x_wconf 80' lang='lat' dir='ltr'>tuos</span> <span class='ocrx_word' id='word_1_15' title='bbox 666 308 800 330; x_wconf 85' lang='lat' dir='ltr'>amores</span> 
     </span>
     <span class='ocr_line' id='line_1_4' title="bbox 137 339 738 383; baseline -0.002 -10"><span class='ocrx_word' id='word_1_16' title='bbox 137 340 184 373; x_wconf 86' lang='lat' dir='ltr'>ad</span> <span class='ocrx_word' id='word_1_17' title='bbox 199 341 336 375; x_wconf 87' lang='lat' dir='ltr'>caelum</span> <span class='ocrx_word' id='word_1_18' title='bbox 351 339 468 383; x_wconf 87' lang='lat' dir='ltr'>lepido</span> <span class='ocrx_word' id='word_1_19' title='bbox 483 350 609 373; x_wconf 85' lang='lat' dir='ltr'>uocare</span> <span class='ocrx_word' id='word_1_20' title='bbox 624 351 738 373; x_wconf 78' lang='lat' dir='ltr'>uersu.</span> 
     </span>
    </p>
   </div>
   <div class='ocr_carea' id='block_1_3' title="bbox 611 431 685 464">
    <p class='ocr_par' dir='ltr' id='par_1_3' title="bbox 611 431 685 464">
     <span class='ocr_line' id='line_1_5' title="bbox 611 431 685 464; baseline 0 0"><span class='ocrx_word' id='word_1_21' title='bbox 611 431 685 464; x_wconf 94' lang='lat' dir='ltr'>VII</span> 
     </span>
    </p>
   </div>
   <div class='ocr_carea' id='block_1_4' title="bbox 136 490 943 1005">
    <p class='ocr_par' dir='ltr' id='par_1_4' title="bbox 138 490 735 534">
     <span class='ocr_line' id='line_1_6' title="bbox 138 490 735 534; baseline -0.005 -9"><span class='ocrx_word' id='word_1_22' title='bbox 138 492 297 533; x_wconf 79' lang='lat' dir='ltr'>Quaeris,</span> <span class='ocrx_word' id='word_1_23' title='bbox 316 493 401 534; x_wconf 83' lang='lat' dir='ltr'>quot</span> <span class='ocrx_word' id='word_1_24' title='bbox 416 490 504 523; x_wconf 88' lang='lat' dir='ltr'>mihi</span> <span class='ocrx_word' id='word_1_25' title='bbox 520 490 735 523; x_wconf 75' lang='lat' dir='ltr'>basiationes</span> 
     </span>
    </p>

    <p class='ocr_par' dir='ltr' id='par_1_5' title="bbox 136 533 943 662">
     <span class='ocr_line' id='line_1_7' title="bbox 136 533 780 576; baseline -0.005 -8"><span class='ocrx_word' id='word_1_26' title='bbox 136 538 232 574; x_wconf 87' lang='lat' dir='ltr'>tuae,</span> <span class='ocrx_word' id='word_1_27' title='bbox 251 535 388 573; x_wconf 77' lang='lat' dir='ltr'>Lesbia,</span> <span class='ocrx_word' id='word_1_28' title='bbox 408 534 479 566; x_wconf 76' lang='lat' dir='ltr'>sint</span> <span class='ocrx_word' id='word_1_29' title='bbox 495 533 581 565; x_wconf 74' lang='lat' dir='ltr'>satis</span> <span class='ocrx_word' id='word_1_30' title='bbox 598 544 780 576; x_wconf 76' lang='lat' dir='ltr'><strong>superque.</strong></span> 
     </span>
     <span class='ocr_line' id='line_1_8' title="bbox 137 576 943 621; baseline -0.004 -11"><span class='ocrx_word' id='word_1_31' title='bbox 137 589 244 621; x_wconf 88' lang='lat' dir='ltr'>quam</span> <span class='ocrx_word' id='word_1_32' title='bbox 260 588 408 619; x_wconf 76' lang='lat' dir='ltr'>magnus</span> <span class='ocrx_word' id='word_1_33' title='bbox 425 587 590 608; x_wconf 78' lang='lat' dir='ltr'>numerus</span> <span class='ocrx_word' id='word_1_34' title='bbox 607 576 775 618; x_wconf 63' lang='lat' dir='ltr'>Libyssae</span> <span class='ocrx_word' id='word_1_35' title='bbox 790 576 943 608; x_wconf 82' lang='lat' dir='ltr'>harenae</span> 
     </span>
     <span class='ocr_line' id='line_1_9' title="bbox 136 619 664 662; baseline -0.006 -9"><span class='ocrx_word' id='word_1_36' title='bbox 136 620 383 662; x_wconf 75' lang='lat' dir='ltr'>lasarpiciferis</span> <span class='ocrx_word' id='word_1_37' title='bbox 398 620 491 652; x_wconf 79' lang='lat' dir='ltr'>iacet</span> <span class='ocrx_word' id='word_1_38' title='bbox 507 619 664 661; x_wconf 67' lang='lat' dir='ltr'>Cyrenis,</span> 
     </span>
    </p>

    <p class='ocr_par' dir='ltr' id='par_1_6' title="bbox 138 661 686 696">
     <span class='ocr_line' id='line_1_10' title="bbox 138 661 686 696; baseline -0.005 0"><span class='ocrx_word' id='word_1_39' title='bbox 138 663 295 696; x_wconf 85' lang='lat' dir='ltr'>oraclum</span> <span class='ocrx_word' id='word_1_40' title='bbox 312 663 407 695; x_wconf 80' lang='lat' dir='ltr'>Iouis</span> <span class='ocrx_word' id='word_1_41' title='bbox 424 662 516 694; x_wconf 89' lang='lat' dir='ltr'>inter</span> <span class='ocrx_word' id='word_1_42' title='bbox 531 661 686 694; x_wconf 72' lang='lat' dir='ltr'>aestuosi</span> 
     </span>
    </p>

    <p class='ocr_par' dir='ltr' id='par_1_7' title="bbox 136 704 811 746">
     <span class='ocr_line' id='line_1_11' title="bbox 136 704 811 746; baseline -0.004 -7"><span class='ocrx_word' id='word_1_43' title='bbox 136 709 173 739; x_wconf 85' lang='lat' dir='ltr'>et</span> <span class='ocrx_word' id='word_1_44' title='bbox 189 706 288 738; x_wconf 87' lang='lat' dir='ltr'>Batti</span> <span class='ocrx_word' id='word_1_45' title='bbox 304 705 433 738; x_wconf 75' lang='lat' dir='ltr'>ueteris</span> <span class='ocrx_word' id='word_1_46' title='bbox 450 715 587 737; x_wconf 78' lang='lat' dir='ltr'>sacrum</span> <span class='ocrx_word' id='word_1_47' title='bbox 603 704 811 746; x_wconf 76' lang='lat' dir='ltr'>sepulcrum,</span> 
     </span>
    </p>

    <p class='ocr_par' dir='ltr' id='par_1_8' title="bbox 137 748 899 829">
     <span class='ocr_line' id='line_1_12' title="bbox 137 748 899 791; baseline -0.004 -10"><span class='ocrx_word' id='word_1_48' title='bbox 137 751 202 782; x_wconf 86' lang='lat' dir='ltr'>aut</span> <span class='ocrx_word' id='word_1_49' title='bbox 218 759 324 791; x_wconf 82' lang='lat' dir='ltr'>quam</span> <span class='ocrx_word' id='word_1_50' title='bbox 341 748 455 780; x_wconf 83' lang='lat' dir='ltr'>sidera</span> <span class='ocrx_word' id='word_1_51' title='bbox 470 748 595 785; x_wconf 84' lang='lat' dir='ltr'>multa,</span> <span class='ocrx_word' id='word_1_52' title='bbox 612 758 692 779; x_wconf 76' lang='lat' dir='ltr'>euni</span> <span class='ocrx_word' id='word_1_53' title='bbox 709 750 802 779; x_wconf 81' lang='lat' dir='ltr'>tacet</span> <span class='ocrx_word' id='word_1_54' title='bbox 818 757 899 787; x_wconf 83' lang='lat' dir='ltr'>nox,</span> 
     </span>
     <span class='ocr_line' id='line_1_13' title="bbox 137 790 789 829; baseline -0.002 -6"><span class='ocrx_word' id='word_1_55' title='bbox 137 791 289 824; x_wconf 77' lang='lat' dir='ltr'>furtiuos</span> <span class='ocrx_word' id='word_1_56' title='bbox 305 791 488 823; x_wconf 87' lang='lat' dir='ltr'>hominum</span> <span class='ocrx_word' id='word_1_57' title='bbox 504 790 628 822; x_wconf 88' lang='lat' dir='ltr'>uident</span> <span class='ocrx_word' id='word_1_58' title='bbox 643 800 789 829; x_wconf 81' lang='lat' dir='ltr'>amores,</span> 
     </span>
    </p>

    <p class='ocr_par' dir='ltr' id='par_1_9' title="bbox 136 833 663 867">
     <span class='ocr_line' id='line_1_14' title="bbox 136 833 663 867; baseline -0.006 0"><span class='ocrx_word' id='word_1_59' title='bbox 136 837 212 867; x_wconf 85' lang='lat' dir='ltr'>tam</span> <span class='ocrx_word' id='word_1_60' title='bbox 227 837 262 866; x_wconf 92' lang='lat' dir='ltr'>te</span> <span class='ocrx_word' id='word_1_61' title='bbox 278 834 378 866; x_wconf 73' lang='lat' dir='ltr'>basia</span> <span class='ocrx_word' id='word_1_62' title='bbox 393 833 508 865; x_wconf 88' lang='lat' dir='ltr'>multa</span> <span class='ocrx_word' id='word_1_63' title='bbox 518 833 663 865; x_wconf 73' lang='lat' dir='ltr'>‘basiare</span> 
     </span>
    </p>

    <p class='ocr_par' dir='ltr' id='par_1_10' title="bbox 136 875 745 918">
     <span class='ocr_line' id='line_1_15' title="bbox 136 875 745 918; baseline -0.003 -9"><span class='ocrx_word' id='word_1_64' title='bbox 136 887 269 909; x_wconf 81' lang='lat' dir='ltr'>uesano</span> <span class='ocrx_word' id='word_1_65' title='bbox 285 877 370 909; x_wconf 76' lang='lat' dir='ltr'>satis</span> <span class='ocrx_word' id='word_1_66' title='bbox 387 879 423 908; x_wconf 90' lang='lat' dir='ltr'>et</span> <span class='ocrx_word' id='word_1_67' title='bbox 438 887 542 918; x_wconf 72' lang='lat' dir='ltr'>super</span> <span class='ocrx_word' id='word_1_68' title='bbox 558 875 745 915; x_wconf 69' lang='lat' dir='ltr'>Catullost,</span> 
     </span>
    </p>

    <p class='ocr_par' dir='ltr' id='par_1_11' title="bbox 138 918 712 962">
     <span class='ocr_line' id='line_1_16' title="bbox 138 918 712 962; baseline -0.003 -10"><span class='ocrx_word' id='word_1_69' title='bbox 138 930 230 962; x_wconf 86' lang='lat' dir='ltr'>quae</span> <span class='ocrx_word' id='word_1_70' title='bbox 245 930 309 951; x_wconf 86' lang='lat' dir='ltr'>nec</span> <span class='ocrx_word' id='word_1_71' title='bbox 325 929 569 961; x_wconf 83' lang='lat' dir='ltr'>pernumerare</span> <span class='ocrx_word' id='word_1_72' title='bbox 585 918 712 950; x_wconf 65' lang='lat' dir='ltr'>curios-i</span> 
     </span>
    </p>

    <p class='ocr_par' dir='ltr' id='par_1_12' title="bbox 136 961 797 1005">
     <span class='ocr_line' id='line_1_17' title="bbox 136 961 797 1005; baseline -0.002 -10"><span class='ocrx_word' id='word_1_73' title='bbox 136 962 272 1005; x_wconf 76' lang='lat' dir='ltr'>possint</span> <span class='ocrx_word' id='word_1_74' title='bbox 287 973 351 994; x_wconf 85' lang='lat' dir='ltr'>nec</span> <span class='ocrx_word' id='word_1_75' title='bbox 366 961 461 994; x_wconf 82' lang='lat' dir='ltr'>mala</span> <span class='ocrx_word' id='word_1_76' title='bbox 476 961 649 994; x_wconf 77' lang='lat' dir='ltr'>fascinare</span> <span class='ocrx_word' id='word_1_77' title='bbox 665 961 797 1003; x_wconf 73' lang='lat' dir='ltr'>lingua.</span> 
     </span>
    </p>
   </div>
   <div class='ocr_carea' id='block_1_5' title="bbox 597 1053 691 1086">
    <p class='ocr_par' dir='ltr' id='par_1_13' title="bbox 597 1053 691 1086">
     <span class='ocr_line' id='line_1_18' title="bbox 597 1053 691 1086; baseline -0.011 0"><span class='ocrx_word' id='word_1_78' title='bbox 597 1053 691 1086; x_wconf 83' lang='lat' dir='ltr'><strong>VIII</strong></span> 
     </span>
    </p>
   </div>
   <div class='ocr_carea' id='block_1_6' title="bbox 136 1112 886 1445">
    <p class='ocr_par' dir='ltr' id='par_1_14' title="bbox 137 1112 752 1154">
     <span class='ocr_line' id='line_1_19' title="bbox 137 1112 752 1154; baseline -0.003 -7"><span class='ocrx_word' id='word_1_79' title='bbox 137 1113 248 1147; x_wconf 77' lang='lat' dir='ltr'>Miser</span> <span class='ocrx_word' id='word_1_80' title='bbox 265 1112 416 1152; x_wconf 77' lang='lat' dir='ltr'>Catulle,</span> <span class='ocrx_word' id='word_1_81' title='bbox 436 1112 575 1145; x_wconf 74' lang='lat' dir='ltr'>desinas</span> <span class='ocrx_word' id='word_1_82' title='bbox 592 1112 752 1154; x_wconf 78' lang='lat' dir='ltr'>ineptire,</span> 
     </span>
    </p>

    <p class='ocr_par' dir='ltr' id='par_1_15' title="bbox 136 1155 886 1364">
     <span class='ocr_line' id='line_1_20' title="bbox 137 1155 872 1199; baseline -0.001 -10"><span class='ocrx_word' id='word_1_83' title='bbox 137 1160 174 1189; x_wconf 88' lang='lat' dir='ltr'>et</span> <span class='ocrx_word' id='word_1_84' title='bbox 189 1156 282 1199; x_wconf 87' lang='lat' dir='ltr'>quod</span> <span class='ocrx_word' id='word_1_85' title='bbox 299 1156 398 1188; x_wconf 83' lang='lat' dir='ltr'>uides</span> <span class='ocrx_word' id='word_1_86' title='bbox 414 1155 544 1197; x_wconf 75' lang='lat' dir='ltr'>perisse</span> <span class='ocrx_word' id='word_1_87' title='bbox 560 1156 737 1197; x_wconf 85' lang='lat' dir='ltr'>perditum</span> <span class='ocrx_word' id='word_1_88' title='bbox 754 1155 872 1188; x_wconf 75' lang='lat' dir='ltr'>ducas,</span> 
     </span>
     <span class='ocr_line' id='line_1_21' title="bbox 136 1198 811 1241; baseline -0.004 -9"><span class='ocrx_word' id='word_1_89' title='bbox 136 1199 266 1232; x_wconf 79' lang='lat' dir='ltr'>fulsere</span> <span class='ocrx_word' id='word_1_90' title='bbox 282 1198 459 1241; x_wconf 83' lang='lat' dir='ltr'>quondam</span> <span class='ocrx_word' id='word_1_91' title='bbox 473 1198 613 1230; x_wconf 84' lang='lat' dir='ltr'>candidi</span> <span class='ocrx_word' id='word_1_92' title='bbox 629 1198 694 1230; x_wconf 86' lang='lat' dir='ltr'>tibi</span> <span class='ocrx_word' id='word_1_93' title='bbox 710 1198 811 1236; x_wconf 61' lang='lat' dir='ltr'>soles,</span> 
     </span>
     <span class='ocr_line' id='line_1_22' title="bbox 136 1241 835 1283; baseline -0.003 -9"><span class='ocrx_word' id='word_1_94' title='bbox 136 1252 219 1275; x_wconf 85' lang='lat' dir='ltr'>cum</span> <span class='ocrx_word' id='word_1_95' title='bbox 237 1241 437 1273; x_wconf 80' lang='lat' dir='ltr'>uentitabas</span> <span class='ocrx_word' id='word_1_96' title='bbox 454 1251 523 1283; x_wconf 87' lang='lat' dir='ltr'>quo</span> <span class='ocrx_word' id='word_1_97' title='bbox 540 1241 658 1282; x_wconf 84' lang='lat' dir='ltr'>puella</span> <span class='ocrx_word' id='word_1_98' title='bbox 673 1241 835 1279; x_wconf 74' lang='lat' dir='ltr'>(lucebat,</span> 
     </span>
     <span class='ocr_line' id='line_1_23' title="bbox 136 1282 886 1326; baseline -0.003 -9"><span class='ocrx_word' id='word_1_99' title='bbox 136 1287 258 1317; x_wconf 84' lang='lat' dir='ltr'>amata</span> <span class='ocrx_word' id='word_1_100' title='bbox 274 1284 373 1316; x_wconf 70' lang='lat' dir='ltr'>nobis</span> <span class='ocrx_word' id='word_1_101' title='bbox 389 1286 565 1326; x_wconf 86' lang='lat' dir='ltr'>quantum</span> <span class='ocrx_word' id='word_1_102' title='bbox 583 1283 761 1315; x_wconf 81' lang='lat' dir='ltr'>amabitur</span> <span class='ocrx_word' id='word_1_103' title='bbox 777 1282 886 1315; x_wconf 82' lang='lat' dir='ltr'>nulla.</span> 
     </span>
     <span class='ocr_line' id='line_1_24' title="bbox 136 1326 774 1364; baseline -0.002 -5"><span class='ocrx_word' id='word_1_104' title='bbox 136 1327 187 1360; x_wconf 87' lang='lat' dir='ltr'>ibi</span> <span class='ocrx_word' id='word_1_105' title='bbox 202 1327 265 1359; x_wconf 86' lang='lat' dir='ltr'>illa</span> <span class='ocrx_word' id='word_1_106' title='bbox 279 1327 393 1358; x_wconf 80' lang='lat' dir='ltr'>inulta</span> <span class='ocrx_word' id='word_1_107' title='bbox 408 1329 485 1358; x_wconf 89' lang='lat' dir='ltr'>tum</span> <span class='ocrx_word' id='word_1_108' title='bbox 501 1326 616 1358; x_wconf 70' lang='lat' dir='ltr'>iocosa</span> <span class='ocrx_word' id='word_1_109' title='bbox 633 1326 774 1364; x_wconf 76' lang='lat' dir='ltr'>fiebant,</span> 
     </span>
    </p>

    <p class='ocr_par' dir='ltr' id='par_1_16' title="bbox 137 1369 827 1445">
     <span class='ocr_line' id='line_1_25' title="bbox 137 1369 827 1412; baseline -0.003 -10"><span class='ocrx_word' id='word_1_110' title='bbox 137 1380 229 1412; x_wconf 87' lang='lat' dir='ltr'>quae</span> <span class='ocrx_word' id='word_1_111' title='bbox 245 1372 284 1401; x_wconf 86' lang='lat' dir='ltr'>tu</span> <span class='ocrx_word' id='word_1_112' title='bbox 302 1369 444 1401; x_wconf 69' lang='lat' dir='ltr'>uolebas</span> <span class='ocrx_word' id='word_1_113' title='bbox 461 1379 523 1400; x_wconf 85' lang='lat' dir='ltr'>nec</span> <span class='ocrx_word' id='word_1_114' title='bbox 539 1369 657 1410; x_wconf 88' lang='lat' dir='ltr'>puella</span> <span class='ocrx_word' id='word_1_115' title='bbox 675 1369 827 1401; x_wconf 76' lang='lat' dir='ltr'>nolebat.</span> 
     </span>
     <span class='ocr_line' id='line_1_26' title="bbox 137 1409 720 1445; baseline -0.003 0"><span class='ocrx_word' id='word_1_116' title='bbox 137 1409 266 1445; x_wconf 78' lang='lat' dir='ltr'>fulsere</span> <span class='ocrx_word' id='word_1_117' title='bbox 282 1423 363 1444; x_wconf 87' lang='lat' dir='ltr'>uere</span> <span class='ocrx_word' id='word_1_118' title='bbox 380 1411 522 1444; x_wconf 84' lang='lat' dir='ltr'>candidi</span> <span class='ocrx_word' id='word_1_119' title='bbox 538 1411 604 1443; x_wconf 85' lang='lat' dir='ltr'>tibi</span> <span class='ocrx_word' id='word_1_120' title='bbox 621 1412 720 1443; x_wconf 71' lang='lat' dir='ltr'>soles.</span> 
     </span>
    </p>
   </div>
   <div class='ocr_carea' id='block_1_7' title="bbox 1114 261 1149 295">
    <p class='ocr_par' dir='ltr' id='par_1_17' title="bbox 1114 261 1149 295">
     <span class='ocr_line' id='line_1_27' title="bbox 1114 261 1149 295; baseline 0 0"><span class='ocrx_word' id='word_1_121' title='bbox 1114 261 1149 295; x_wconf 88' lang='lat'>15</span> 
     </span>
    </p>
   </div>
   <div class='ocr_carea' id='block_1_8' title="bbox 1116 885 1154 908">
    <p class='ocr_par' dir='ltr' id='par_1_18' title="bbox 1116 885 1154 908">
     <span class='ocr_line' id='line_1_28' title="bbox 1116 885 1154 908; baseline 0 0"><span class='ocrx_word' id='word_1_122' title='bbox 1116 885 1154 908; x_wconf 83' lang='lat'>10</span> 
     </span>
    </p>
   </div>
   <div class='ocr_carea' id='block_1_9' title="bbox 137 1453 1134 1503">
    <p class='ocr_par' dir='ltr' id='par_1_19' title="bbox 137 1453 1134 1503">
     <span class='ocr_line' id='line_1_29' title="bbox 137 1453 1134 1503; baseline -0.002 -15"><span class='ocrx_word' id='word_1_123' title='bbox 137 1466 232 1488; x_wconf 82' lang='lat' dir='ltr'>nunc</span> <span class='ocrx_word' id='word_1_124' title='bbox 246 1455 317 1487; x_wconf 89' lang='lat' dir='ltr'>iarn</span> <span class='ocrx_word' id='word_1_125' title='bbox 334 1455 396 1486; x_wconf 86' lang='lat' dir='ltr'>illa</span> <span class='ocrx_word' id='word_1_126' title='bbox 412 1465 480 1486; x_wconf 88' lang='lat' dir='ltr'>non</span> <span class='ocrx_word' id='word_1_127' title='bbox 497 1454 573 1486; x_wconf 89' lang='lat' dir='ltr'>uolt</span> <span class='ocrx_word' id='word_1_128' title='bbox 588 1468 595 1487; x_wconf 74' lang='grc' dir='ltr'>ι</span> <span class='ocrx_word' id='word_1_129' title='bbox 620 1457 661 1486; x_wconf 91' lang='lat' dir='ltr'>tu</span> <span class='ocrx_word' id='word_1_130' title='bbox 677 1464 831 1503; x_wconf 62' lang='lat' dir='ltr'>quoque,</span> <span class='ocrx_word' id='word_1_131' title='bbox 846 1453 1030 1496; x_wconf 79' lang='lat' dir='ltr'>impotens,</span> <span class='ocrx_word' id='word_1_132' title='bbox 1049 1453 1134 1493; x_wconf 72' lang='lat' dir='ltr'>noli,</span> 
     </span>
    </p>
   </div>
   <div class='ocr_carea' id='block_1_10' title="bbox 137 1497 891 1668">
    <p class='ocr_par' dir='ltr' id='par_1_20' title="bbox 137 1497 891 1668">
     <span class='ocr_line' id='line_1_30' title="bbox 139 1497 891 1539; baseline -0.003 -9"><span class='ocrx_word' id='word_1_133' title='bbox 139 1509 204 1530; x_wconf 82' lang='lat' dir='ltr'>nee</span> <span class='ocrx_word' id='word_1_134' title='bbox 220 1508 310 1539; x_wconf 87' lang='lat' dir='ltr'>quae</span> <span class='ocrx_word' id='word_1_135' title='bbox 326 1497 418 1538; x_wconf 75' lang='lat' dir='ltr'>fugit</span> <span class='ocrx_word' id='word_1_136' title='bbox 434 1500 578 1536; x_wconf 69' lang='lat' dir='ltr'>sectare,</span> <span class='ocrx_word' id='word_1_137' title='bbox 597 1508 661 1528; x_wconf 89' lang='lat' dir='ltr'>nec</span> <span class='ocrx_word' id='word_1_138' title='bbox 677 1508 782 1529; x_wconf 67' lang='lat' dir='ltr'>miser</span> <span class='ocrx_word' id='word_1_139' title='bbox 797 1507 891 1537; x_wconf 82' lang='lat' dir='ltr'>niue,</span> 
     </span>
     <span class='ocr_line' id='line_1_31' title="bbox 137 1539 828 1581; baseline -0.004 -8"><span class='ocrx_word' id='word_1_140' title='bbox 137 1541 200 1573; x_wconf 82' lang='lat' dir='ltr'>sed</span> <span class='ocrx_word' id='word_1_141' title='bbox 216 1540 394 1572; x_wconf 81' lang='lat' dir='ltr'>obstinata</span> <span class='ocrx_word' id='word_1_142' title='bbox 410 1543 527 1571; x_wconf 85' lang='lat' dir='ltr'>mente</span> <span class='ocrx_word' id='word_1_143' title='bbox 544 1539 667 1581; x_wconf 82' lang='lat' dir='ltr'>perfer,</span> <span class='ocrx_word' id='word_1_144' title='bbox 686 1540 828 1571; x_wconf 73' lang='lat' dir='ltr'>obdura.</span> 
     </span>
     <span class='ocr_line' id='line_1_32' title="bbox 137 1582 853 1624; baseline -0.001 -9"><span class='ocrx_word' id='word_1_145' title='bbox 137 1583 229 1621; x_wconf 88' lang='lat' dir='ltr'>uale,</span> <span class='ocrx_word' id='word_1_146' title='bbox 248 1583 375 1624; x_wconf 82' lang='lat' dir='ltr'>puella.</span> <span class='ocrx_word' id='word_1_147' title='bbox 424 1582 496 1614; x_wconf 85' lang='lat' dir='ltr'>iam</span> <span class='ocrx_word' id='word_1_148' title='bbox 513 1582 675 1614; x_wconf 69' lang='lat' dir='ltr'>Catullus</span> <span class='ocrx_word' id='word_1_149' title='bbox 693 1582 853 1622; x_wconf 81' lang='lat' dir='ltr'>obdurat,</span> 
     </span>
     <span class='ocr_line' id='line_1_33' title="bbox 137 1625 841 1668; baseline 0 -10"><span class='ocrx_word' id='word_1_150' title='bbox 137 1636 201 1658; x_wconf 80' lang='lat' dir='ltr'>nee</span> <span class='ocrx_word' id='word_1_151' title='bbox 217 1628 252 1658; x_wconf 84' lang='lat' dir='ltr'>te</span> <span class='ocrx_word' id='word_1_152' title='bbox 268 1625 421 1668; x_wconf 81' lang='lat' dir='ltr'>requiret</span> <span class='ocrx_word' id='word_1_153' title='bbox 437 1635 500 1657; x_wconf 83' lang='lat' dir='ltr'>nec</span> <span class='ocrx_word' id='word_1_154' title='bbox 516 1625 654 1667; x_wconf 79' lang='lat' dir='ltr'>rogabit</span> <span class='ocrx_word' id='word_1_155' title='bbox 667 1625 820 1657; x_wconf 85' lang='lat' dir='ltr'>inuitam</span> <span class='ocrx_word' id='word_1_156' title='bbox 833 1638 841 1658; x_wconf 89' lang='lat'><strong>:</strong></span> 
     </span>
    </p>
   </div>
   <div class='ocr_carea' id='block_1_11' title="bbox 1117 1506 1155 1529">
    <p class='ocr_par' dir='ltr' id='par_1_21' title="bbox 1117 1506 1155 1529">
     <span class='ocr_line' id='line_1_34' title="bbox 1117 1506 1155 1529; baseline 0 0"><span class='ocrx_word' id='word_1_157' title='bbox 1117 1506 1155 1529; x_wconf 91' lang='lat'>10</span> 
     </span>
    </p>
   </div>
   <div class='ocr_carea' id='block_1_12' title="bbox 138 1730 1154 1806">
    <p class='ocr_par' dir='ltr' id='par_1_22' title="bbox 138 1730 1154 1806">
     <span class='ocr_line' id='line_1_35' title="bbox 176 1730 1154 1767; baseline -0.002 -6"><span class='ocrx_word' id='word_1_158' title='bbox 176 1734 214 1761; x_wconf 83' lang='lat'>15</span> <span class='ocrx_word' id='word_1_159' title='bbox 228 1741 355 1761; x_wconf 78' lang='lat' dir='ltr'>uersum</span> <span class='ocrx_word' id='word_1_160' title='bbox 369 1732 408 1761; x_wconf 89' lang='lat' dir='ltr'>V.</span> <span class='ocrx_word' id='word_1_161' title='bbox 489 1730 548 1759; x_wconf 86' lang='lat' dir='ltr'>VII</span> <span class='ocrx_word' id='word_1_162' title='bbox 569 1731 781 1760; x_wconf 86' lang='lat' dir='ltr'>Interuallum</span> <span class='ocrx_word' id='word_1_163' title='bbox 795 1731 828 1760; x_wconf 90' lang='lat' dir='ltr'>in</span> <span class='ocrx_word' id='word_1_164' title='bbox 841 1731 881 1760; x_wconf 87' lang='lat' dir='ltr'>V.</span> <span class='ocrx_word' id='word_1_165' title='bbox 925 1731 942 1758; x_wconf 89' lang='lat'>1</span> <span class='ocrx_word' id='word_1_166' title='bbox 957 1730 1038 1767; x_wconf 75' lang='lat' dir='ltr'>quod</span> <span class='ocrx_word' id='word_1_167' title='bbox 1052 1730 1091 1760; x_wconf 87' lang='lat' dir='ltr'>V.</span> <span class='ocrx_word' id='word_1_168' title='bbox 1135 1731 1154 1759; x_wconf 92' lang='lat'>5</span> 
     </span>
     <span class='ocr_line' id='line_1_36' title="bbox 138 1770 1149 1806; baseline -0.002 -5"><span class='ocrx_word' id='word_1_169' title='bbox 138 1773 272 1801; x_wconf 61' lang='lat' dir='ltr'>orcadum</span> <span class='ocrx_word' id='word_1_170' title='bbox 286 1771 325 1800; x_wconf 89' lang='lat' dir='ltr'>V.</span> <span class='ocrx_word' id='word_1_171' title='bbox 365 1773 539 1799; x_wconf 72' lang='lat' dir='ltr'>aestuosum</span> <span class='ocrx_word' id='word_1_172' title='bbox 554 1770 632 1798; x_wconf 86' lang='lat' dir='ltr'>coni.</span> <span class='ocrx_word' id='word_1_173' title='bbox 648 1770 761 1798; x_wconf 86' lang='lat' dir='ltr'>Baehr.</span> <span class='ocrx_word' id='word_1_174' title='bbox 805 1771 822 1797; x_wconf 89' lang='grc'><strong>9</strong></span> <span class='ocrx_word' id='word_1_175' title='bbox 838 1770 971 1799; x_wconf 70' lang='lat' dir='ltr'>basicz&#39;V</span> <span class='ocrx_word' id='word_1_176' title='bbox 984 1770 1149 1806; x_wconf 74' lang='lat' dir='ltr'>(suprascr.</span> 
     </span>
    </p>
   </div>
   <div class='ocr_carea' id='block_1_13' title="bbox 139 1808 1090 1844">
    <p class='ocr_par' dir='ltr' id='par_1_23' title="bbox 139 1808 1090 1844">
     <span class='ocr_line' id='line_1_37' title="bbox 139 1808 1090 1844; baseline -0.001 -5"><span class='ocrx_word' id='word_1_177' title='bbox 139 1809 181 1839; x_wconf 67' lang='grc' dir='ltr'>αἶ’</span> <span class='ocrx_word' id='word_1_178' title='bbox 196 1811 284 1839; x_wconf 72' lang='lat' dir='ltr'>basia</span> <span class='ocrx_word' id='word_1_179' title='bbox 297 1810 330 1838; x_wconf 88' lang='lat' dir='ltr'>in</span> <span class='ocrx_word' id='word_1_180' title='bbox 345 1809 395 1844; x_wconf 79' lang='lat' dir='ltr'>G).</span> <span class='ocrx_word' id='word_1_181' title='bbox 477 1808 551 1836; x_wconf 92' lang='lat' dir='ltr'><strong>VIII</strong></span> <span class='ocrx_word' id='word_1_182' title='bbox 572 1809 782 1838; x_wconf 82' lang='lat' dir='ltr'>Interuallum</span> <span class='ocrx_word' id='word_1_183' title='bbox 803 1809 836 1837; x_wconf 89' lang='lat' dir='ltr'>in</span> <span class='ocrx_word' id='word_1_184' title='bbox 850 1809 889 1837; x_wconf 90' lang='lat' dir='ltr'>V.</span> <span class='ocrx_word' id='word_1_185' title='bbox 933 1809 951 1836; x_wconf 83' lang='lat'>1</span> <span class='ocrx_word' id='word_1_186' title='bbox 971 1809 1039 1837; x_wconf 76' lang='lat' dir='ltr'>Iser</span> <span class='ocrx_word' id='word_1_187' title='bbox 1054 1809 1090 1838; x_wconf 86' lang='lat' dir='ltr'>O.</span> 
     </span>
    </p>
   </div>
   <div class='ocr_carea' id='block_1_14' title="bbox 1133 1809 1153 1836">
    <p class='ocr_par' dir='ltr' id='par_1_24' title="bbox 1133 1809 1153 1836">
     <span class='ocr_line' id='line_1_38' title="bbox 1133 1809 1153 1836; baseline 0 0"><span class='ocrx_word' id='word_1_188' title='bbox 1133 1809 1153 1836; x_wconf 80' lang='lat'>4</span> 
     </span>
    </p>
   </div>
   <div class='ocr_carea' id='block_1_15' title="bbox 139 1847 1149 1887">
    <p class='ocr_par' dir='ltr' id='par_1_25' title="bbox 139 1847 1149 1887">
     <span class='ocr_line' id='line_1_39' title="bbox 139 1847 1149 1887; baseline -0.002 -9"><span class='ocrx_word' id='word_1_189' title='bbox 139 1850 220 1887; x_wconf 76' lang='lat' dir='ltr'>quod</span> <span class='ocrx_word' id='word_1_190' title='bbox 237 1849 276 1877; x_wconf 87' lang='lat' dir='ltr'>V.</span> <span class='ocrx_word' id='word_1_191' title='bbox 321 1848 439 1877; x_wconf 70' lang='lat' dir='ltr'>(licebat</span> <span class='ocrx_word' id='word_1_192' title='bbox 461 1847 569 1876; x_wconf 85' lang='lat' dir='ltr'>Dousa</span> <span class='ocrx_word' id='word_1_193' title='bbox 591 1847 683 1876; x_wconf 76' lang='lat' dir='ltr'>filius.</span> <span class='ocrx_word' id='word_1_194' title='bbox 727 1849 744 1875; x_wconf 84' lang='grc'>6</span> <span class='ocrx_word' id='word_1_195' title='bbox 766 1857 835 1876; x_wconf 76' lang='lat' dir='ltr'>cum</span> <span class='ocrx_word' id='word_1_196' title='bbox 854 1847 893 1877; x_wconf 91' lang='lat' dir='ltr'>V.</span> <span class='ocrx_word' id='word_1_197' title='bbox 938 1849 955 1875; x_wconf 80' lang='lat'>9</span> <span class='ocrx_word' id='word_1_198' title='bbox 980 1849 1089 1884; x_wconf 76' lang='lat' dir='ltr'>impote</span> <span class='ocrx_word' id='word_1_199' title='bbox 1109 1847 1149 1885; x_wconf 87' lang='lat' dir='ltr'>V,</span> 
     </span>
    </p>
   </div>
   <div class='ocr_carea' id='block_1_16' title="bbox 139 1886 714 1923">
    <p class='ocr_par' dir='ltr' id='par_1_26' title="bbox 139 1886 714 1923">
     <span class='ocr_line' id='line_1_40' title="bbox 139 1886 714 1923; baseline -0.005 -5"><span class='ocrx_word' id='word_1_200' title='bbox 139 1898 216 1918; x_wconf 88' lang='lat' dir='ltr'>corr.</span> <span class='ocrx_word' id='word_1_201' title='bbox 234 1887 402 1923; x_wconf 57' lang='lat' dir='ltr'>Ananiam,</span> <span class='ocrx_word' id='word_1_202' title='bbox 419 1888 440 1916; x_wconf 69' lang='grc' dir='ltr'>ι’.</span> <span class='ocrx_word' id='word_1_203' title='bbox 458 1895 496 1916; x_wconf 77' lang='lat' dir='ltr'>ne</span> <span class='ocrx_word' id='word_1_204' title='bbox 510 1887 552 1916; x_wconf 74' lang='lat' dir='ltr'>sis</span> <span class='ocrx_word' id='word_1_205' title='bbox 568 1886 714 1923; x_wconf 84' lang='lat' dir='ltr'>Scaliger.</span> 
     </span>
    </p>
   </div>
  </div>
 </body>
</html>
