1388 2078
211 131 252 165 76
466 129 500 163 C.
540 129 731 162 VALERI
760 129 976 163 GATVLLI

210 212 267 235 me
282 202 450 234 miserum
464 201 611 244 aspicite
628 204 674 241 et,
693 201 723 233 si
738 202 852 233 uitam
868 201 1002 243 puriter
1017 201 1084 244 egi,

255 245 380 287 eripite
395 244 487 276 hanc
502 247 636 286 pestem
653 244 911 286 perniciemque
927 244 1024 276 1111111.
1187 253 1229 276 20

215 287 293 327 heu,
312 287 400 319 mihi
416 297 599 329 surrepens
615 287 703 319 imos
719 290 760 319 ut
776 290 893 329 torpor
908 287 944 319 in
960 290 1058 319 artus

256 330 394 373 expulit
410 341 455 362 ex
471 330 567 362 omni
582 332 721 372 pectore
737 329 904 362 laetitias.

212 384 294 406 nom
310 373 380 405 iam
395 372 487 405 illud
502 383 643 415 quaero,
662 375 783 405 contra
798 383 853 405 me
869 376 910 404 ut
927 372 1053 414 diligat
1067 371 1143 412 illa,

257 419 331 455 aut,
351 415 446 458 quod
461 426 531 447 non
547 415 638 457 potis
655 418 720 454 est,
739 426 814 447 esse
830 415 958 457 pudica
974 415 1063 448 uelit
1078 429 1086 448 ι

214 459 289 501 ipse
304 459 424 491 ualere
441 461 523 500 opto
539 462 574 490 et
586 461 741 490 taetrum
757 458 851 490 hunc
867 458 1039 500 deponere
1054 457 1225 490 morbum.

257 512 277 534 o
293 501 340 541 di,
360 501 497 534 reddite
512 501 562 533 mi
576 501 642 533 hoc
657 512 718 543 pro
734 501 867 543 pictate
883 512 971 534 mea.
1191 501 1231 532 26

637 594 812 628 LXXVII

216 654 310 687 Rufe
325 653 414 686 mihi
429 654 562 687 frustra
577 664 619 686 ae
634 654 850 697 nequiquam
866 655 997 688 credite
1012 655 1135 694 amice,

262 697 432 736 (frustrai’
453 697 561 729 immo
577 707 706 739 magno
723 708 803 730 cum
819 698 931 739 pretio
947 702 1055 740 atque
1071 697 1190 738 malo),

217 739 327 772 sicine
344 740 520 781 subrepsti
536 740 596 777 mi,
615 744 723 782 atque
739 740 910 773 intestina
926 752 1093 782 perurens

259 783 292 815 ei
307 782 434 814 misero
451 782 611 824 eripuisti
627 782 745 815 01111113
760 786 880 815 nostra
896 783 987 816 bona
1000 786 1013 816 ‘2

217 825 389 867 eripuisti,
409 825 498 857 eheu
514 828 654 857 nostrae
667 826 807 858 crudele
822 837 1001 858 uenenum
1217 833 1233 868 5

260 868 370 907 uitae,
389 867 480 900 eheu
495 871 635 900 nostrae
650 869 759 910 pestis
775 868 963 901 amicitiae.

630 959 827 992 LXXVIII

220 1018 346 1052 Gallus
360 1018 470 1052 habet
484 1018 621 1057 fratres,
640 1022 825 1062 quorumst
836 1019 1054 1063 lepidissima
1069 1020 1223 1054 coniunx

263 1062 421 1101 alterius,
440 1062 578 1104 lepidus
596 1062 689 1094 filius
706 1063 863 1095 alterius.

221 1104 347 1137 Gallus
362 1104 501 1137 homost
517 1105 650 1137 bellus:
676 1116 760 1137 nam
775 1105 894 1138 dulces
910 1106 1027 1148 iungit
1042 1117 1189 1146 amores,

221 1159 350 1223 Ggffilns
358 1148 669 1223 Ιέἑῗέἶζέῄεξιῗῧῧεῦ
670 1148 741 1223 {lg}
750 1148 907 1224 gengiiiffless
910 1149 1187 1231 Ιἓξὲξ.1113111511111,
1218 1199 1235 1234 5

264 1234 326 1276 qui
341 1237 486 1276 patruos
501 1233 621 1276 patrui
635 1236 808 1267 monstret
823 1234 1049 1267 adulterium.

623 1327 841 1361 LXXVIII*

308 1386 379 1421 Sed
394 1397 489 1419 nunc
503 1386 540 1419 id
556 1386 668 1425 doleo,
688 1386 781 1429 quod
797 1398 905 1429 purae
921 1398 1008 1429 pura
1023 1387 1164 1430 puellae

350 1430 452 1462 sauia
467 1429 663 1462 conminxit
678 1440 804 1471 spurca
819 1430 934 1462 saliua
951 1433 1024 1462 tua.

307 1483 432 1505 uerum
443 1472 480 1504 id
492 1483 562 1504 non
573 1471 705 1514 inpune
721 1472 811 1504 10103
824 1486 831 1505 :
856 1483 937 1504 nam
948 1476 983 1505 te
994 1474 1112 1505 01111113
1123 1472 1239 1506 saecla

249 1525 288 1548 10
352 1513 508 1554 noscent,
528 1517 563 1547 et
578 1514 641 1557 qui
655 1515 703 1547 sis
718 1514 815 1547 fama
830 1514 998 1558 loquetur
1012 1526 1112 1549 anus.
1218 1527 1239 1556 4

264 1633 301 1661 21
312 1633 371 1662 heu
381 1644 411 1668 ω,
424 1642 476 1662 seu
487 1633 527 1668 V,
541 1641 621 1668 quae
629 1632 723 1661 Lach.
737 1632 801 1661 alii.
833 1633 871 1660 23
884 1642 931 1662 me
945 1636 978 1661 vt
989 1642 1034 1662 me
1042 1633 1082 1662 V.
1115 1642 1240 1670 corpore

225 1671 267 1700 V.
309 1672 346 1699 26
367 1672 419 1700 dez·
438 1671 479 1700 V.
522 1671 660 1698 LXXVII
680 1671 891 1700 Interuallum
912 1672 945 1700 111
965 1672 1004 1700 V.
1048 1673 1066 1699 1
1080 1673 1178 1701 amice
1198 1672 1237 1708 O,

225 1711 327 1739 asmico
337 1710 374 1746 G,
391 1712 564 1747 utrumque
578 1712 708 1739 nactum
722 1710 872 1739 fautores.
915 1711 934 1737 5
948 1712 980 1739 et
994 1712 1011 1738 6
1026 1711 1098 1739 cheu
1110 1711 1237 1747 Baehr„

226 1749 264 1778 he
284 1749 343 1777 heu
366 1749 403 1783 G,
431 1750 490 1778 heu
513 1749 550 1778 O.
599 1750 617 1776 6
638 1752 743 1785 pectus
765 1749 805 1778 V.
848 1748 1021 1776 LXXVIII*
1043 1759 1061 1778 a
1083 1749 1241 1785 Scaligero

226 1788 359 1824 aliisque
374 1798 445 1817 cum
459 1788 597 1818 carmine
611 1787 766 1816 LXXVII
780 1788 993 1818 coniunctum.
1029 1788 1241 1825 4fnmal0que

228 1829 325 1856 tanus
338 1826 377 1856 V.
