1388 2078
219 140 262 170 24
474 141 509 174 0.
549 142 742 175 VALERI
769 143 988 177 C'ATVLLI

217 225 301 247 nani
317 215 389 247 risu
405 215 524 257 inepto
540 226 594 248 res
610 216 760 257 ineptior
775 217 920 250 nullast.

218 268 312 289 nunc
329 258 486 290 Celtiber
501 269 555 290 es:
579 258 770 292 Celtiberia
784 260 821 292 in
838 264 941 299 terra,

219 300 313 341 quod
330 301 481 343 quisque
496 301 637 340 minxit,
656 301 721 334 hoc
737 302 804 335 sibi
821 303 910 336 solet
926 315 1030 337 mane

219 343 361 375 dentem
378 347 487 385 atque
504 354 642 376 russam
658 344 827 378 defricare
843 346 1038 388 gingfflam,

217 389 258 417 ut
274 397 344 428 quo
360 386 426 418 iste
443 389 560 418 uester
575 387 762 428 expolitior
778 388 864 421 (16115
880 387 945 429 est,
1195 401 1238 424 20

216 427 281 460 hoc
298 431 333 461 te
349 429 502 471 amplius
518 429 649 462 bibisse
664 430 842 473 praedicet
858 431 932 465 loti.

691 519 757 552 XL

218 578 402 618 Quaenam
418 580 454 610 te
470 578 565 610 mala
579 588 690 618 mens,
708 579 845 612 miselle
858 580 1009 622 Rauide,

217 621 292 662 agit
308 620 535 663 praecipitem
550 621 586 653 111
603 632 698 654 111605
714 622 873 655 iambos?

219 664 298 705 quis
315 664 401 695 deus
418 663 484 696 tibi
500 674 569 695 non
585 664 674 696 bene
689 665 885 699 aduocatus

217 706 402 739 uecordem
418 709 520 748 parat
536 707 690 739 excitare
706 707 843 741 rixam?

217 760 262 781 an
279 753 320 781 ut
335 749 520 791 peruenias
536 749 572 780 in
589 760 649 782 ora
663 750 782 792 uolgi?
1218 762 1236 796 5

218 791 303 834 quid
318 792 398 824 uis?
420 802 492 834 qua
507 792 606 824 lubet
622 803 698 825 esse
713 796 818 825 notus
835 797 959 835 optas?

217 835 296 873 6115,
315 834 607 876 quandoquidem
623 846 720 868 meos
735 846 872 869 amores

218 888 298 909 cum
312 877 419 920 longa
433 877 581 910 uoluisti
596 888 715 911 amare
730 889 853 920 poena.

684 970 770 1003 XLI

217 1029 381 1061 Ameana
396 1029 515 1071 puella
530 1029 697 1063 defututa

217 1075 294 1104 tota
309 1071 409 1104 milia
425 1083 481 1104 me
497 1072 618 1104 decem
634 1072 802 1115 poposcit,

216 1115 287 1146 ista
302 1115 477 1156 turpiculo
492 1115 611 1157 puella
626 1126 723 1155 naso,

218 1157 411 1189 decoctoris
427 1158 542 1190 amica
559 1158 748 1191 Formiani.

216 1200 414 1242 propinqui,
433 1200 562 1242 quibus
578 1205 632 1233 est
648 1201 767 1243 puella
781 1212 896 1242 curae,
1215 1213 1234 1249 5

217 1243 346 1275 amicos
363 1243 586 1285 medicosque
602 1248 794 1276 conuocate
808 1259 815 1277 ;

217 1296 285 1317 11011
303 1288 356 1317 est
371 1296 460 1317 sana
474 1286 604 1328 puella,
623 1297 687 1319 nec
702 1298 834 1329 rogare,

216 1328 332 1370 qualis
347 1328 406 1367 sit,
423 1328 513 1361 solet
529 1339 589 1361 aes
604 1329 851 1372 imaginosum.

672 1421 776 1454 XLII

213 1478 361 1518 Adeste,
379 1478 678 1521 hendecasyllabi,
698 1482 784 1522 quot
800 1480 885 1513 estis

215 1532 336 1553 omnes
352 1521 521 1564 undique,
541 1526 715 1564 quotquot
732 1523 816 1555 65115
832 1533 965 1557 01111165.

213 1563 330 1596 10611111
345 1575 402 1597 1116
416 1567 522 1607 putat
537 1575 614 1598 esse
629 1565 775 1598 moecha
790 1565 904 1608 turpis

250 1687 381 1716 XXXIX
400 1689 438 1717 17
455 1697 486 1718 es
504 1688 577 1718 add.
602 1689 795 1719 Corradinus
816 1690 855 1719 de
875 1690 970 1720 Anio.
1014 1691 1052 1719 19
1068 1693 1234 1728 pumicare

213 1727 368 1764 Apuleius
388 1727 480 1765 Apol.
505 1737 534 1765 p.
554 1728 600 1757 10.
643 1729 680 1756 21
697 1729 779 1758 lotus
792 1729 832 1758 V.
913 1729 965 1757 XL
978 1730 997 1757 5
1006 1733 1234 1766 perueniamus

215 1766 253 1794 V.
269 1767 287 1793 8
298 1775 380 1801 pena
395 1766 432 1801 O,
442 1776 554 1802 poema
569 1767 606 1796 G.
658 1766 726 1794 XLI
740 1768 758 1795 8
769 1767 848 1804 etv,
860 1777 911 1797 aes
922 1768 1089 1798 Froehlich
1101 1771 1230 1806 optime,

211 1807 399 1841 receperunt
409 1805 497 1841 Ellis,
511 1806 625 1835 Baehr.
662 1810 768 1842 royate
777 1816 804 1842 q.
818 1808 860 1835 sit
870 1818 879 1835 .·
895 1808 991 1836 solide
1003 1811 1045 1836 est
1055 1809 1233 1845 inmqinosa

212 1843 335 1880 Haupt,
352 1847 458 1880 royace
471 1853 499 1881 q.
517 1846 576 1874 sit:
597 1845 671 1875 solet
685 1854 746 1874 csse
759 1846 936 1882 inmyinosa
952 1846 1112 1878 Schwabe.
