1388 2078
147 299 207 334 150

147 536 205 571 ¹55

146 777 206 810 160

146 1023 203 1064 165

145 1275 205 1308 170

145 1528 201 1564 Ῑ75

473 177 529 210 ΘΑ
536 177 637 210 RMI
635 178 676 210 N
674 177 707 210 A
739 178 838 211 LXI

313 249 348 282 io
363 249 506 291 Hymen
522 249 729 291 Hymenaee
744 250 789 290 io,

355 292 389 325 io
405 292 548 334 Hymen
565 292 782 335 Hynnenaee.

312 360 436 401 nupta,
455 360 496 391 tu
512 369 662 401 quoque,
682 370 773 402 quae
788 362 869 394 tuos

312 402 369 434 uir
383 404 490 444 petet,
509 412 596 434 eane
612 412 656 434 ne
672 413 788 444 neges,

312 444 350 477 ni
364 444 518 486 petitum
533 444 676 477 aliunde
695 449 762 478 eat.

313 487 347 520 io
363 487 506 529 Hymen
523 487 730 529 Hymenaee
746 488 791 528 io,

357 531 391 562 io
406 530 548 572 Hymen
562 530 772 573 Hymenaee.

314 615 358 638 en
374 605 440 638 tibi
456 605 581 638 domus
597 608 639 638 ut
654 609 778 649 potens

314 651 350 681 et
365 648 472 681 beata
487 649 556 680 uiri
571 649 637 688 tui,

313 701 405 733 quae
421 691 487 723 tibi
503 692 577 723 sine
594 692 728 724 seruiat

303 734 359 774 .(io
376 734 518 775 Hymen
535 734 741 774 Hymenaee
757 734 802 774 io,

357 777 391 809 io
408 777 550 819 Hymen
568 777 800 819 Hymenaee),

312 862 425 894 usque
440 851 527 884 dum
541 853 734 884 tremulum
749 864 896 886 mouens

313 905 402 927 cana
418 897 558 937 tempus
574 896 719 927 anilitas

313 938 432 970 onmia
448 937 611 970 omnibus
628 938 764 970 adnuit.

311 979 346 1013 io
362 980 503 1022 Hymen
522 981 727 1022 Hymenaee
743 981 788 1019 io,

356 1022 391 1055 io
407 1023 549 1065 Hymen
567 1023 784 1066 Hymenaee.

312 1097 464 1130 transfer
479 1097 595 1130 omine
612 1109 692 1130 eum
708 1098 801 1130 bono

312 1140 421 1172 limen
438 1140 598 1172 aureolos
615 1141 732 1182 pedes,

312 1183 542 1225 rassilemque
558 1183 637 1215 subi
654 1183 773 1216 forem.

312 1225 346 1258 io
363 1226 504 1267 Hymen
522 1226 728 1266 Hymenaee
743 1226 789 1265 io,

353 1268 388 1300 io
404 1268 547 1311 Hymen
564 1268 780 1311 Hymenaee.

312 1351 441 1393 aspice,
459 1351 557 1384 intus
572 1354 614 1384 ut
630 1352 806 1385 accubans

311 1394 367 1426 uir
382 1397 462 1426 tuos
479 1394 585 1436 Tyrio
600 1395 637 1426 in
654 1398 729 1427 toro

310 1440 406 1469 totus
422 1437 595 1469 inmineat
612 1437 687 1469 tibi.

310 1479 344 1512 io
361 1480 503 1522 Hymen
519 1480 726 1521 Hymenaee
742 1480 788 1520 io,

353 1522 388 1554 io
404 1522 547 1565 Hymen
564 1523 780 1564 Hymenaee.

311 1596 365 1629 ffli
381 1607 451 1629 non
468 1597 585 1629 minus
601 1608 642 1630 ae
658 1598 726 1630 tibi

310 1642 449 1682 pectore
464 1640 580 1672 uritur
595 1640 721 1673 intimo

1118 177 1160 211 39

1103 257 1160 292 145

1104 497 1164 531 150

1105 744 1161 778 155

1105 983 1164 1015 160

1106 1229 1161 1269 165

1105 1489 1166 1522 170

180 1760 247 1795 146,
263 1759 329 1793 156,
347 1759 412 1795 161,
431 1760 487 1788 166
502 1770 563 1790 om.
581 1761 618 1790 O.
663 1762 719 1789 151
740 1771 800 1790 om.
825 1761 865 1797 V,
887 1761 960 1791 add.
985 1762 1014 1791 G
1028 1772 1066 1791 ex
1080 1772 1158 1793 corr.

143 1799 202 1825 154
216 1799 315 1827 seruit
329 1798 369 1827 V.
413 1799 470 1826 167
491 1809 576 1828 unus
589 1800 629 1835 V,
647 1810 724 1829 corr.
745 1801 877 1829 Statius.
922 1801 988 1836 171,
1006 1802 1071 1837 176,
1090 1803 1157 1836 181,

141 1838 198 1864 186
213 1838 243 1865 1ῖο
257 1837 290 1865 in
304 1837 366 1866 fine
379 1846 489 1866 uersus
504 1838 576 1867 add.
594 1839 624 1865 V
637 1849 645 1871 ;
667 1839 705 1867 ef.
724 1839 765 1867 ad
779 1849 808 1867 n.
825 1839 862 1868 40
874 1840 906 1868 et
920 1849 1001 1876 quae
1014 1840 1159 1878 disputat

142 1876 257 1905 Munro
272 1875 453 1912 (Aduersar.
472 1877 505 1905 in
521 1877 684 1907 Catullum
700 1887 729 1915 p.
749 1877 827 1913 195).
