1388 2078
214 146 256 178 56
466 144 500 177 0.
538 143 728 177 VALERI
760 143 817 176 CA
825 143 976 177 TVLLI

214 217 393 250 funestam
408 219 585 249 antennae
601 216 778 259 deponant
793 216 949 258 undique
964 219 1111 256 uestem,

215 259 436 308 candidaque
450 259 574 292 intorti
589 259 778 291 sustollant
794 259 875 291 uela
890 259 1066 298 rudentes,
1160 267 1221 302 235

216 313 324 344 quam
338 313 490 344 primum
505 312 648 334 cernens
664 305 705 334 ut
720 302 814 334 laeta
829 302 959 344 gaudia
976 305 1092 334 mente

217 355 415 387 agnoscam,
434 356 514 377 cum
529 347 564 377 te
580 345 742 377 reducem
758 348 856 377 aetas
872 355 1034 386 prospera
1050 345 1175 378 sistet.’

215 387 302 420 haec
317 387 486 419 mandata
502 387 596 429 prius
614 387 790 420 constanti
806 391 923 419 mente
938 390 1118 420 tenentem

216 430 353 462 Thesea
367 440 431 462 ceu
446 430 568 478 pulsae
582 433 768 462 uentorum
783 429 925 462 flamine
940 429 1051 462 nubes

216 472 351 505 aerium
365 472 461 504 niuel
476 472 605 505 montis
620 472 753 515 liquere
769 483 946 504 cacumen.
1162 482 1225 513 240

217 518 255 548 at
268 518 379 557 pater,
397 518 438 547 ut
454 525 591 548 summa
606 518 827 557 prospectum
843 526 886 547 ex
901 525 980 547 arce
994 514 1150 557 petebat,

217 558 324 590 anxia
339 557 375 589 in
391 557 556 590 adsiduos
573 558 760 590 absumens
777 557 913 590 lumina
928 557 1042 597 fietus,

216 611 297 632 cum
313 600 463 642 primum
478 600 594 633 inflati
608 599 791 642 conspexit
807 600 917 632 lintea
932 600 1014 638 aeli,

217 643 444 685 praecipitem
459 654 535 676 sese
550 643 770 685 scopulorum
787 653 805 675 e
822 642 952 676 uertice
967 642 1060 682 iecit,

217 685 386 718 amissum
402 685 543 718 credens
559 685 677 717 inmiti
693 686 829 718 Thesea
844 685 928 718 fato.
1163 693 1225 728 245

218 728 267 760 sic
283 728 424 760 funesta
440 728 564 760 domus
579 728 756 770 ingressus
773 731 868 760 tecta
882 730 1030 770 paterna

218 774 329 803 morte
345 771 441 803 ferox
458 771 613 803 Theseus
630 770 770 812 qualem
787 771 937 802 Minoidi
953 771 1088 803 luctum

220 813 396 845 obtulerat
414 816 530 846 mente
545 813 727 846 inmemori
744 813 851 846 talem
867 813 941 855 ipse
956 813 1095 855 recepit.

219 866 310 898 quae
325 858 445 888 tamen
460 859 644 898 aspectans
660 856 840 888 cedentem
857 860 992 888 maesta
1008 856 1163 889 carinam

218 898 432 940 multiplices
447 899 564 930 animo
581 898 747 931 uoluebat
765 899 884 931 saucia
900 909 1010 931 curas.
1164 906 1227 941 250

219 944 258 973 at
274 944 372 983 parte
388 952 431 973 ex
447 941 517 973 alia
534 941 658 973 florens
674 941 850 973 uolitabat
868 941 1014 973 Iacchus

219 994 299 1016 cum
315 983 430 1015 thiaso
446 983 651 1025 Satyrorum
667 987 702 1016 et
720 983 908 1025 Nysigenis
926 983 1065 1023 Silenis,

221 1030 257 1059 te
273 1037 455 1068 quaerens,
474 1026 645 1065 Ariadna,
664 1029 795 1068 tuoque
810 1026 972 1058 incensus
988 1036 1115 1059 amore.

714 1081 730 1098 *

220 1122 311 1153 quae
327 1114 403 1143 tum
419 1112 550 1144 alacres
565 1111 696 1154 passim
712 1111 898 1153 lymphata
914 1114 1033 1144 mente
1047 1111 1227 1148 furebant,

220 1154 331 1186 euhoe
348 1154 568 1193 bacchantes,
588 1154 698 1186 euhoe
714 1154 831 1196 capita
846 1154 1074 1186 inflectentes.
1164 1163 1203 1197 25
1209 1163 1226 1196 5

220 1196 345 1228 harum
361 1208 439 1238 pars
455 1200 550 1229 tecta
565 1197 773 1239 quatiebant
789 1197 932 1238 cuspide
948 1197 1098 1239 thyrsos,

220 1249 300 1281 pars
316 1250 335 1271 e
350 1239 486 1271 diuolso
501 1239 682 1272 iactabant
697 1239 853 1271 membra
868 1239 1028 1279 iuuenco,

220 1293 299 1324 pars
315 1293 390 1314 sese
406 1282 506 1314 tortis
523 1282 741 1323 serpentibus
756 1282 982 1323 incingebant

221 1335 302 1366 pars
317 1324 463 1357 obscura
479 1324 574 1356 cauis
592 1324 816 1356 celebrabant
833 1324 928 1366 orgia
944 1324 1052 1365 cistis,

220 1367 318 1409 orgia
333 1377 423 1409 quae
437 1367 568 1399 frustra
582 1367 729 1408 cupiunt
745 1366 866 1399 audire
882 1367 1028 1408 profani,
1167 1368 1230 1400 260

220 1409 436 1451 plangebant
450 1409 542 1442 aliae
557 1409 705 1451 proceris
720 1412 890 1451 tympana
905 1409 1031 1451 palmis

221 1456 283 1484 aut
300 1452 401 1484 tereti
417 1454 540 1484 tenues
557 1452 707 1483 tinnitus
723 1462 802 1484 aere
818 1451 968 1490 ciebant,

221 1494 343 1526 multis
357 1494 555 1526 raucisonos
571 1494 738 1526 efflabant
754 1505 882 1526 cornua
897 1494 1041 1526 bombos

219 1537 438 1579 barbaraque
452 1536 609 1568 horribili
625 1537 796 1568 stridebat
813 1536 901 1568 tibia
916 1539 1032 1568 cantu.

263 1579 408 1612 Talibus
425 1579 598 1622 amplifice
614 1579 724 1611 uestis
741 1579 905 1611 decorata
919 1579 1039 1621 figuris
1166 1579 1227 1621 265

258 1725 331 1758 post
343 1721 400 1749 235
413 1720 499 1758 uulg.
516 1720 667 1749 inseritur
687 1721 798 1756 fragm.
817 1720 844 1749 9.
887 1720 945 1748 243
958 1720 1065 1756 inflati
1078 1720 1118 1757 V,
1135 1720 1224 1756 Ellis,

220 1759 330 1795 infecti
344 1771 374 1795 ω,
390 1760 476 1795 uulg.
519 1761 594 1788 ante
608 1760 666 1787 254
679 1759 830 1788 excidisse
844 1758 964 1795 aliquid
979 1759 1114 1789 uidetur.
1151 1767 1230 1795 quae

222 1800 288 1825 tum
302 1794 415 1831 Bergk,
437 1795 494 1831 qui
513 1798 580 1823 tum
593 1794 632 1829 V,
649 1794 706 1830 qui
723 1802 794 1822 cum
812 1793 926 1823 Baehr.
942 1793 1065 1824 nullam
1081 1795 1227 1826 lacunam

222 1844 288 1864 esse
302 1836 456 1863 statuens.
499 1833 556 1862 263
570 1833 678 1862 mullis
691 1832 728 1861 B.
742 1832 886 1869 Pisanus,
902 1833 995 1862 multi
1009 1833 1049 1863 V.
