1388 2078
252 191 292 222 18
517 189 552 221 Ο.
588 188 781 221 VALERI
810 187 1028 221 CATVLLI

244 260 330 303 quid
346 260 411 292 hoc
427 259 561 291 malum
577 259 730 291 fouetis‘?
752 262 815 291 aut
831 258 919 301 quid
933 258 991 291 hic
1005 260 1133 300 potest,

243 303 313 335 nisi
329 306 438 335 uncta
453 303 621 335 deuorare
637 301 876 344 patrimonia?

244 357 331 379 eone
348 345 500 384 nomine,
522 345 616 377 urbis
633 355 653 376 o
669 344 830 387 piissimi,

244 400 342 422 socer
355 399 532 432 generque
548 387 751 430 perdidistis
767 387 912 421 omnia?

700 487 809 520 XXX

243 547 374 580 Alfene
389 546 562 579 inmemor
577 548 685 588 atque
701 546 881 578 unanimis
896 546 986 579 false
1001 546 1193 587 sodalibus,

242 591 315 623 iam
332 593 368 622 te
384 589 436 622 nil
452 589 608 629 miseret,
628 589 726 629 dure,
745 589 800 621 tui
815 589 928 621 duleis
945 589 1115 622 amiculi?

243 669 315 702 iam
332 679 388 701 me
404 669 560 711 prodere,
579 669 652 701 iam
668 679 739 701 non
757 668 901 701 dubitas
917 668 1052 708 fallere,
1073 669 1228 711 perfide?

242 723 330 744 num
339 712 540 754 factainpia
550 711 719 744 fallacum
728 711 912 744 hominum
921 712 1096 745 caelicolis
1102 713 1264 755 placent?

243 799 331 831 quos
347 791 389 821 tu
405 788 574 831 neglegis,
590 799 631 820 ae
646 799 703 820 me
719 788 887 820 miserum
903 788 1034 821 deseris
1050 789 1087 821 in
1104 789 1218 822 malis.
1245 798 1263 832 5

243 832 345 871 eheu,
370 832 459 906 guid
485 831 631 896 iaciant,
659 831 726 871 die,
754 831 925 871 homines,
953 831 1082 874 quoiue
1106 832 1264 866 habeant

396 888 407 906 1
421 885 475 907 em
489 900 496 906 .

242 953 337 983 certe
353 952 431 982 tute
447 949 595 981 iubebas
611 949 768 982 animam
784 949 934 988 tradere,
952 950 1085 993 inique,
1103 962 1157 984 me

243 993 414 1025 inducens
431 992 468 1025 in
483 1003 649 1031 amorem,
668 993 771 1035 quasi
787 995 868 1025 tuta
883 993 1003 1025 omnia
1018 993 1067 1026 mi
1082 993 1198 1027 forent

242 1070 338 1102 idem
355 1079 449 1101 1111110
464 1068 615 1101 retrahis
632 1071 668 1101 te
683 1079 725 1101 ac
741 1071 806 1101 tua
820 1068 917 1101 dieta
932 1069 1052 1102 onmia
1066 1069 1233 1113 factaque

243 1116 370 1145 uentos
386 1111 495 1144 inrita
510 1112 600 1144 ferre
616 1122 657 1144 ac
673 1111 821 1144 nebulas
837 1111 951 1144 aerias
966 1112 1063 1145 sinis.
1224 1123 1263 1145 10

242 1188 273 1221 si
289 1191 330 1220 tu
345 1187 477 1220 oblitus
493 1197 542 1226 es,
561 1189 600 1220 at
615 1187 652 1219 di
668 1187 915 1226 meminerunt,
934 1187 1097 1220 meminit
1112 1188 1229 1228 Fides,

243 1241 334 1274 quae
350 1234 386 1263 te
401 1233 442 1263 ut
457 1230 640 1273 paeniteat
656 1230 840 1273 postmodo
856 1230 942 1263 faeti
957 1229 1065 1263 faciet
1080 1231 1144 1263 tui.

246 1391 366 1424 Paene
382 1390 592 1429 insularum,
612 1389 751 1428 Sirmio,
769 1389 1038 1432 insularumque

244 1434 364 1471 ocelle,
384 1443 626 1475 quascumque
641 1433 678 1464 in
695 1432 913 1474 liquentibus
929 1432 1065 1475 stagnis

244 1476 405 1518 marique
421 1478 524 1508 uasto
540 1475 610 1507 fert
625 1478 774 1517 uterque
790 1475 991 1517 Neptunus,

245 1529 354 1562 quam
369 1521 406 1551 te
421 1518 574 1551 libenter
589 1528 768 1560 quamque
783 1517 900 1550 laetus
915 1518 1043 1558 inuiso,

279 1627 318 1654 21
328 1627 384 1656 hoc
395 1637 424 1662 ω,
441 1627 524 1655 hunc
539 1625 577 1655 V.
621 1625 660 1653 23
672 1634 696 1654 e.
714 1634 746 1654 ⁷1.
764 1625 853 1654 urbis
873 1634 890 1653 ο
909 1626 1058 1661 piissimi,
1076 1634 1152 1662 nos3
1173 1626 1262 1656 urbis

242 1667 474 1702 opulentissime
488 1665 527 1700 V,
545 1664 637 1700 orbis,
661 1674 678 1693 o
692 1665 851 1700 piissime&
871 1664 992 1700 Haupt,
1012 1665 1170 1699 piissimei
1189 1674 1259 1695 eum

241 1704 447 1741 sequentibus
462 1704 663 1739 coniungens,
678 1702 721 1739 (u.
736 1712 762 1732 ο.
778 1703 874 1739 pudet
885 1702 980 1737 meae)
993 1702 1081 1732 Ellis.
1117 1704 1157 1731 24
1167 1713 1262 1740 aeneo·

243 1752 385 1780 socerque
398 1743 512 1772 Baehr.
530 1751 568 1771 ex
582 1743 676 1778 Verg.
703 1742 804 1771 Catal.
821 1741 849 1777 3,
867 1741 893 1770 6.
974 1741 1060 1769 ΧΧΧ
1073 1742 1091 1769 3
1111 1742 1134 1771 i.
1156 1751 1189 1772 η.
1213 1752 1261 1772 ‘me

242 1783 370 1811 dubitas
390 1782 429 1810 V.
452 1782 472 1808 4
490 1790 570 1809 mum
594 1780 754 1816 Schwabe,
776 1789 830 1809 mec
851 1780 891 1816 V,
914 1779 1060 1809 lacunam
1080 1781 1260 1818 suspicatur

241 1821 332 1851 Ellis.
375 1821 394 1847 5
414 1828 489 1856 quos
510 1820 611 1855 Riese,
635 1828 692 1856 que
712 1820 752 1856 V,
776 1820 1009 1856 quom-malis,
1034 1819 1109 1849 eheu
1131 1820 1257 1857 Munro,

242 1869 334 1896 quem
347 1859 462 1888 Baehr.
478 1867 510 1888 11.
533 1858 552 1887 5
573 1860 646 1895 post
666 1868 697 1887 u.
715 1858 734 1887 3
754 1858 867 1897 posito.
905 1859 923 1886 6
945 1858 1014 1888 dico
1028 1858 1068 1895 V,
1085 1859 1154 1889 dice
1166 1859 1256 1889 Enis.

242 1899 262 1927 8
274 1899 383 1928 omnia
396 1901 468 1927 tuta
481 1897 519 1934 G,
536 1899 644 1928 omnia
657 1897 695 1927 O.
