1388 2078
202 140 244 172 54
452 139 486 171 C.
525 137 716 171 VALERI
744 138 802 171 CA
811 138 963 172 TVLLI

202 212 262 244 ille
278 214 397 244 autem
413 221 518 253 prope
533 211 605 243 iam
620 211 744 243 mediis
760 214 922 243 uersatur
936 210 973 243 in
988 210 1092 243 undis
1105 223 1116 251 ς

202 265 266 287 1100
281 253 468 303 quisquam
485 253 631 295 adparet
646 264 761 286 uacua
775 253 932 286 mortalis
948 253 985 286 in
1001 253 1091 296 alga.

201 297 251 329 sic
266 297 371 328 mmis
386 296 562 328 insultans
578 299 734 328 extremo
749 299 904 338 tempore
919 306 1028 329 saeua

201 339 271 371 fors
286 339 394 371 etiam
410 338 537 370 nostris
552 338 683 371 inuidit
699 339 881 381 questibus
896 349 1008 371 aures.
1150 347 1210 380 170

201 381 362 424 Iuppiter
377 381 608 423 omnipotens,
626 381 763 413 utinam
779 392 823 414 ne
838 384 993 423 tempore
1008 381 1120 424 primo

201 424 334 457 Gnosia
351 423 537 466 Cecropiae
554 424 753 466 tetigissent
769 424 873 456 litora
888 434 1033 466 puppes,

201 466 373 499 indomito
388 477 451 499 nec
467 466 543 499 dira
558 466 672 499 ferens
687 466 864 509 stipendia
879 470 980 499 tauro

201 509 353 552 perfidus
369 509 406 541 in
423 509 528 542 Creta
543 509 726 551 religasset
741 509 865 542 nauita
879 509 1011 548 funem,

201 562 265 584 nec
279 551 394 584 malus
409 551 466 584 hic
481 551 598 584 celans
615 551 709 584 dulci
725 551 881 584 crudelia
894 551 1007 584 forma
1150 558 1208 592 175

201 594 348 627 consilia
362 594 400 626 in
414 594 542 626 nostris
557 594 750 637 requiesset
765 594 906 627 sedibus
921 594 1046 636 hospes
1060 596 1066 626 !

201 647 285 669 nam
301 647 370 679 quo
385 647 441 669 me
457 637 628 669 referam?
651 637 749 679 quali
763 647 824 680 spe
839 637 977 679 perdita
992 637 1111 669 nitar?

201 679 409 712 Sidoniosne
423 682 543 722 petam
558 682 695 712 montes
708 683 720 712 ἱ)
742 690 774 719 a,
792 679 930 722 gurgite
946 679 1019 711 lato

200 722 401 754 discernens
416 722 516 764 ponti
531 722 771 755 truculentum
786 722 848 754 ubi
864 722 994 754 diuidit
1009 732 1049 754 ae
1076 725 1162 754 nor?

201 775 247 797 an
262 764 374 807 patris
390 764 564 797 auxilium
580 776 595 797 s
622 768 738 797 erem?
761 775 911 807 quemne
927 765 1004 806 ipsa
1018 775 1054 797 re
1069 764 1155 807 iqui,

200 818 396 849 respersum
411 807 578 839 iuuenem
608 810 748 840 ratema
763 807 869 839 caede
884 810 1028 839 secuta?
1150 806 1205 839 181

200 849 358 892 coniugis
374 860 420 882 an
435 850 505 882 fido
520 849 676 882 consoler
691 853 821 882 memet
837 853 979 882 amore?

200 892 307 935 quine
322 892 415 934 fugit
429 891 542 924 lentos
558 892 747 925 incuruans
762 892 901 935 gurgite
916 894 1052 924 remos?

200 937 381 977 praeterea
396 935 494 966 nullo
510 934 606 973 litus,
625 935 700 967 sola
714 935 841 973 insula,
862 937 966 973 tecto,

200 988 264 1010 nec
279 980 378 1019 patet
394 988 552 1019 egressus
566 977 682 1020 pelagi
698 977 919 1020 cingentibus
934 976 1038 1009 undis
1051 990 1059 1010 :
1150 977 1207 1018 185

199 1020 300 1052 nulla
314 1020 419 1061 fugae
435 1019 535 1058 ratic,
554 1019 654 1052 nulla
668 1030 747 1062 spes
763 1034 770 1053 :
795 1020 913 1053 omnia
927 1023 1038 1059 muta,

200 1062 319 1095 onmia
335 1064 418 1095 sunt
434 1062 583 1101 deserta,
602 1065 784 1095 ostentant
799 1062 917 1095 omnia
932 1062 1053 1094 letum.

199 1116 270 1137 non
286 1108 405 1137 tamen
422 1108 505 1137 ante
520 1105 608 1137 mihi
623 1105 852 1147 languescent
866 1104 1002 1137 lumina
1016 1106 1138 1144 morte,

199 1158 264 1180 nec
278 1147 374 1189 prius
390 1158 412 1180 a
426 1147 518 1180 fesso
534 1147 698 1180 secedent
713 1158 852 1190 corpore
868 1158 1002 1186 sensuS‚

199 1201 307 1233 quam
321 1190 453 1222 iustam
469 1201 490 1222 a
506 1190 598 1222 diuis
614 1201 800 1232 exposcam
815 1190 953 1232 prodita
968 1189 1129 1229 multam,
1149 1199 1209 1231 190

199 1233 462 1275 caelestumque
478 1232 583 1265 fidem
600 1236 777 1275 postrema
791 1243 975 1275 conprecer
990 1232 1085 1264 hora.

200 1286 308 1317 quare
323 1275 419 1307 facta
434 1275 550 1307 uirum
565 1275 759 1308 multantes
774 1275 914 1307 uindice
929 1285 1051 1317 poena,

198 1318 425 1356 Eumenides,
444 1318 571 1360 quibus
587 1318 741 1360 anguino
756 1317 920 1350 redfflita
935 1317 1062 1360 capillo

198 1361 294 1392 frons
310 1360 503 1402 expirantis
519 1363 720 1402 praeportat
735 1360 884 1403 pectoris
900 1360 981 1398 1135,

198 1403 268 1435 11110
283 1402 351 1434 11110
366 1402 570 1442 aduentate,
587 1414 682 1435 meas
698 1403 820 1435 audite
835 1402 1019 1445 querellas,
1149 1410 1206 1444 195

199 1456 287 1488 quas
304 1455 377 1487 eg0‚
397 1455 474 1484 uae,
494 1445 622 1478 misera
637 1446 804 1478 extremis
819 1445 970 1487 proferre
986 1443 1151 1477 medullis

199 1498 302 1530 cogor
316 1487 426 1529 1110115,
445 1487 582 1527 ardens,
601 1488 735 1520 amenti
751 1499 854 1520 caeca
869 1488 993 1520 1111010.

199 1541 290 1573 quae
306 1530 471 1572 quoniam
487 1541 592 1562 uerae
608 1534 802 1563 nascuntur
816 1533 954 1573 pectore
970 1529 1016 1562 ab
1030 1529 1112 1569 imo,

198 1583 262 1605 uos
278 1573 386 1605 nolite
402 1572 477 1615 pati
494 1576 653 1605 nostrum
669 1583 857 1605 uanescere
872 1572 1020 1610 luctum,

198 1615 261 1648 sed
277 1615 374 1658 quali
388 1615 499 1648 solam
515 1615 671 1649 Theseus
686 1626 743 1648 me
757 1618 876 1648 mente
890 1615 1045 1658 reliquit,
1145 1624 1208 1647 200

236 1718 293 1745 168
313 1721 385 1747 acta
405 1719 515 1748 Heius.
541 1722 581 1749 ut
599 1720 632 1748 in
645 1728 676 1749 u.
704 1719 750 1748 60.
793 1720 850 1747 178
871 1719 1056 1750 Sidoniosne
1076 1719 1203 1756 Baehr„

199 1756 361 1786 idoneosne
383 1757 423 1793 V,
448 1758 600 1789 Idaeosne
617 1757 655 1787 B.
680 1757 848 1794 Guarinus,
869 1758 1092 1788 Idomeneusne
1109 1758 1203 1788 Lach.

198 1795 255 1823 179
276 1795 329 1824 ubi
348 1805 408 1824 om.
432 1796 502 1826 edd.
529 1796 679 1834 complus.
722 1797 780 1825 184
799 1797 876 1826 litus
897 1797 1004 1833 solum,
1027 1797 1116 1827 nullo
1136 1798 1157 1827 i.
1181 1800 1202 1827 t.

199 1833 280 1864 scal.
288 1833 349 1864 alia
363 1833 426 1863 alii.
951 1842 954 1844 ’
