<?xml version="1.0" encoding="UTF-8"?>
<!DOCTYPE html PUBLIC "-//W3C//DTD XHTML 1.0 Transitional//EN"
    "http://www.w3.org/TR/xhtml1/DTD/xhtml1-transitional.dtd">
<html xmlns="http://www.w3.org/1999/xhtml" xml:lang="en" lang="en">
 <head>
  <title>
</title>
<meta http-equiv="Content-Type" content="text/html;charset=utf-8" />
  <meta name='ocr-system' content='tesseract 3.04.00' />
  <meta name='ocr-capabilities' content='ocr_page ocr_carea ocr_par ocr_line ocrx_word'/>
</head>
<body>
  <div class='ocr_page' id='page_1' title='image "./carmina00catuuoft_0100.png"; bbox 0 0 1388 2078; ppageno 0'>
   <div class='ocr_carea' id='block_1_1' title="bbox 257 152 1021 187">
    <p class='ocr_par' dir='ltr' id='par_1_1' title="bbox 257 152 1021 187">
     <span class='ocr_line' id='line_1_1' title="bbox 257 152 1021 187; baseline 0 -1"><span class='ocrx_word' id='word_1_1' title='bbox 257 155 299 186; x_wconf 81' lang='lat'>82</span> <span class='ocrx_word' id='word_1_2' title='bbox 513 152 546 186; x_wconf 79' lang='grc' dir='ltr'>Ο.</span> <span class='ocrx_word' id='word_1_3' title='bbox 586 153 777 186; x_wconf 79' lang='lat' dir='ltr'><strong><em>VALERI</em></strong></span> <span class='ocrx_word' id='word_1_4' title='bbox 805 153 1021 187; x_wconf 79' lang='lat' dir='ltr'><strong><em>CATVLLI</em></strong></span> 
     </span>
    </p>
   </div>
   <div class='ocr_carea' id='block_1_2' title="bbox 691 300 830 333">
    <p class='ocr_par' dir='ltr' id='par_1_2' title="bbox 691 300 830 333">
     <span class='ocr_line' id='line_1_2' title="bbox 691 300 830 333; baseline 0.007 -1"><span class='ocrx_word' id='word_1_5' title='bbox 691 300 830 333; x_wconf 92' lang='lat' dir='ltr'>XCVII</span> 
     </span>
    </p>
   </div>
   <div class='ocr_carea' id='block_1_3' title="bbox 256 359 1267 873">
    <p class='ocr_par' dir='ltr' id='par_1_3' title="bbox 257 359 1196 436">
     <span class='ocr_line' id='line_1_3' title="bbox 257 359 1196 403; baseline 0.002 -11"><span class='ocrx_word' id='word_1_6' title='bbox 257 361 338 393; x_wconf 91' lang='lat' dir='ltr'>Non</span> <span class='ocrx_word' id='word_1_7' title='bbox 355 360 420 400; x_wconf 80' lang='lat' dir='ltr'>(ita</span> <span class='ocrx_word' id='word_1_8' title='bbox 436 370 491 392; x_wconf 90' lang='lat' dir='ltr'>me</span> <span class='ocrx_word' id='word_1_9' title='bbox 507 359 543 392; x_wconf 88' lang='lat' dir='ltr'>di</span> <span class='ocrx_word' id='word_1_10' title='bbox 559 361 693 399; x_wconf 82' lang='lat' dir='ltr'>ament)</span> <span class='ocrx_word' id='word_1_11' title='bbox 711 360 901 402; x_wconf 82' lang='lat' dir='ltr'>quiequam</span> <span class='ocrx_word' id='word_1_12' title='bbox 916 360 1043 393; x_wconf 86' lang='lat' dir='ltr'>referre</span> <span class='ocrx_word' id='word_1_13' title='bbox 1058 362 1196 403; x_wconf 84' lang='lat' dir='ltr'>putaui,</span> 
     </span>
     <span class='ocr_line' id='line_1_4' title="bbox 299 402 1095 436; baseline 0.001 -1"><span class='ocrx_word' id='word_1_14' title='bbox 299 406 462 435; x_wconf 76' lang='lat' dir='ltr'>utrumne</span> <span class='ocrx_word' id='word_1_15' title='bbox 478 413 515 434; x_wconf 83' lang='lat' dir='ltr'>os</span> <span class='ocrx_word' id='word_1_16' title='bbox 531 413 577 434; x_wconf 82' lang='lat' dir='ltr'>an</span> <span class='ocrx_word' id='word_1_17' title='bbox 593 402 714 435; x_wconf 87' lang='lat' dir='ltr'>culum</span> <span class='ocrx_word' id='word_1_18' title='bbox 730 402 915 435; x_wconf 76' lang='lat' dir='ltr'>olfacerem</span> <span class='ocrx_word' id='word_1_19' title='bbox 931 403 1095 436; x_wconf 82' lang='lat' dir='ltr'>Aemilio.</span> 
     </span>
    </p>

    <p class='ocr_par' dir='ltr' id='par_1_4' title="bbox 258 445 1117 522">
     <span class='ocr_line' id='line_1_5' title="bbox 258 445 1117 487; baseline 0.001 -9"><span class='ocrx_word' id='word_1_20' title='bbox 258 446 330 478; x_wconf 88' lang='lat' dir='ltr'>nilo</span> <span class='ocrx_word' id='word_1_21' title='bbox 347 445 514 477; x_wconf 83' lang='lat' dir='ltr'>mundius</span> <span class='ocrx_word' id='word_1_22' title='bbox 530 445 606 484; x_wconf 85' lang='lat' dir='ltr'>hoc,</span> <span class='ocrx_word' id='word_1_23' title='bbox 625 445 768 487; x_wconf 83' lang='lat' dir='ltr'>niloque</span> <span class='ocrx_word' id='word_1_24' title='bbox 783 445 1001 478; x_wconf 72' lang='lat' dir='ltr'>immundius</span> <span class='ocrx_word' id='word_1_25' title='bbox 1016 446 1117 486; x_wconf 82' lang='lat' dir='ltr'>issud,</span> 
     </span>
     <span class='ocr_line' id='line_1_6' title="bbox 299 487 1053 522; baseline 0 -1"><span class='ocrx_word' id='word_1_26' title='bbox 299 499 422 521; x_wconf 88' lang='lat' dir='ltr'>uerum</span> <span class='ocrx_word' id='word_1_27' title='bbox 440 488 548 520; x_wconf 85' lang='lat' dir='ltr'>etiam</span> <span class='ocrx_word' id='word_1_28' title='bbox 564 487 664 520; x_wconf 79' lang='lat' dir='ltr'>culus</span> <span class='ocrx_word' id='word_1_29' title='bbox 681 488 845 520; x_wconf 86' lang='lat' dir='ltr'>mundior</span> <span class='ocrx_word' id='word_1_30' title='bbox 859 492 895 520; x_wconf 85' lang='lat' dir='ltr'>et</span> <span class='ocrx_word' id='word_1_31' title='bbox 910 488 1053 522; x_wconf 87' lang='lat' dir='ltr'>melior:</span> 
     </span>
    </p>

    <p class='ocr_par' dir='ltr' id='par_1_5' title="bbox 256 531 1266 616">
     <span class='ocr_line' id='line_1_7' title="bbox 256 531 1266 574; baseline 0.002 -11"><span class='ocrx_word' id='word_1_32' title='bbox 256 542 339 564; x_wconf 81' lang='lat' dir='ltr'>nam</span> <span class='ocrx_word' id='word_1_33' title='bbox 355 531 430 563; x_wconf 85' lang='lat' dir='ltr'>sine</span> <span class='ocrx_word' id='word_1_34' title='bbox 447 531 613 563; x_wconf 83' lang='lat' dir='ltr'>dentibus</span> <span class='ocrx_word' id='word_1_35' title='bbox 629 533 682 562; x_wconf 73' lang='lat' dir='ltr'>est</span> <span class='ocrx_word' id='word_1_36' title='bbox 696 544 703 563; x_wconf 91' lang='lat'>:</span> <span class='ocrx_word' id='word_1_37' title='bbox 728 542 764 563; x_wconf 73' lang='lat' dir='ltr'>os</span> <span class='ocrx_word' id='word_1_38' title='bbox 779 531 895 563; x_wconf 81' lang='lat' dir='ltr'>dentis</span> <span class='ocrx_word' id='word_1_39' title='bbox 911 531 1178 574; x_wconf 67' lang='lat' dir='ltr'>sesquipedalis,</span> <span class='ocrx_word' id='word_1_40' title='bbox 1248 540 1266 574; x_wconf 84' lang='lat'>5</span> 
     </span>
     <span class='ocr_line' id='line_1_8' title="bbox 298 573 998 616; baseline 0.001 -11"><span class='ocrx_word' id='word_1_41' title='bbox 298 574 461 616; x_wconf 78' lang='lat' dir='ltr'>gingiuas</span> <span class='ocrx_word' id='word_1_42' title='bbox 477 584 560 606; x_wconf 89' lang='lat' dir='ltr'>uero</span> <span class='ocrx_word' id='word_1_43' title='bbox 576 573 718 615; x_wconf 77' lang='lat' dir='ltr'>ploxeni</span> <span class='ocrx_word' id='word_1_44' title='bbox 734 573 841 606; x_wconf 81' lang='lat' dir='ltr'>habet</span> <span class='ocrx_word' id='word_1_45' title='bbox 857 573 998 613; x_wconf 84' lang='lat' dir='ltr'>ueteris,</span> 
     </span>
    </p>

    <p class='ocr_par' dir='ltr' id='par_1_6' title="bbox 256 615 1077 692">
     <span class='ocr_line' id='line_1_9' title="bbox 256 615 1077 659; baseline 0 -10"><span class='ocrx_word' id='word_1_46' title='bbox 256 620 438 659; x_wconf 83' lang='lat' dir='ltr'>praeterea</span> <span class='ocrx_word' id='word_1_47' title='bbox 452 616 580 648; x_wconf 85' lang='lat' dir='ltr'>rictum</span> <span class='ocrx_word' id='word_1_48' title='bbox 597 615 739 658; x_wconf 81' lang='lat' dir='ltr'>qualem</span> <span class='ocrx_word' id='word_1_49' title='bbox 755 616 908 648; x_wconf 80' lang='lat' dir='ltr'>diffissus</span> <span class='ocrx_word' id='word_1_50' title='bbox 922 616 959 648; x_wconf 88' lang='lat' dir='ltr'>in</span> <span class='ocrx_word' id='word_1_51' title='bbox 975 619 1077 649; x_wconf 83' lang='lat' dir='ltr'>aestu</span> 
     </span>
     <span class='ocr_line' id='line_1_10' title="bbox 298 658 1007 692; baseline 0 -1"><span class='ocrx_word' id='word_1_52' title='bbox 298 659 462 692; x_wconf 85' lang='lat' dir='ltr'>meientis</span> <span class='ocrx_word' id='word_1_53' title='bbox 478 659 596 691; x_wconf 84' lang='lat' dir='ltr'>mulae</span> <span class='ocrx_word' id='word_1_54' title='bbox 612 669 748 691; x_wconf 84' lang='lat' dir='ltr'>cunnus</span> <span class='ocrx_word' id='word_1_55' title='bbox 764 658 893 692; x_wconf 87' lang='lat' dir='ltr'>habere</span> <span class='ocrx_word' id='word_1_56' title='bbox 908 659 1007 691; x_wconf 83' lang='lat' dir='ltr'>solet.</span> 
     </span>
    </p>

    <p class='ocr_par' dir='ltr' id='par_1_7' title="bbox 256 701 1267 786">
     <span class='ocr_line' id='line_1_11' title="bbox 256 701 1108 741; baseline -0.001 -7"><span class='ocrx_word' id='word_1_57' title='bbox 256 702 312 734; x_wconf 90' lang='lat' dir='ltr'>hie</span> <span class='ocrx_word' id='word_1_58' title='bbox 328 702 440 734; x_wconf 80' lang='lat' dir='ltr'>futuit</span> <span class='ocrx_word' id='word_1_59' title='bbox 456 701 588 734; x_wconf 83' lang='lat' dir='ltr'>multas</span> <span class='ocrx_word' id='word_1_60' title='bbox 605 704 641 734; x_wconf 85' lang='lat' dir='ltr'>et</span> <span class='ocrx_word' id='word_1_61' title='bbox 657 712 694 733; x_wconf 84' lang='lat' dir='ltr'>se</span> <span class='ocrx_word' id='word_1_62' title='bbox 711 701 799 733; x_wconf 82' lang='lat' dir='ltr'>facit</span> <span class='ocrx_word' id='word_1_63' title='bbox 815 712 890 734; x_wconf 85' lang='lat' dir='ltr'>esse</span> <span class='ocrx_word' id='word_1_64' title='bbox 905 704 1108 741; x_wconf 88' lang='lat' dir='ltr'>uenustum‚</span> 
     </span>
     <span class='ocr_line' id='line_1_12' title="bbox 299 743 1267 786; baseline 0.001 -9"><span class='ocrx_word' id='word_1_65' title='bbox 299 748 334 777; x_wconf 86' lang='lat' dir='ltr'>et</span> <span class='ocrx_word' id='word_1_66' title='bbox 349 755 418 777; x_wconf 89' lang='lat' dir='ltr'>non</span> <span class='ocrx_word' id='word_1_67' title='bbox 435 744 582 786; x_wconf 82' lang='lat' dir='ltr'>pistrino</span> <span class='ocrx_word' id='word_1_68' title='bbox 599 743 752 776; x_wconf 79' lang='lat' dir='ltr'><strong>traditur</strong></span> <span class='ocrx_word' id='word_1_69' title='bbox 767 747 875 786; x_wconf 81' lang='lat' dir='ltr'>atque</span> <span class='ocrx_word' id='word_1_70' title='bbox 891 744 1013 777; x_wconf 84' lang='lat' dir='ltr'>asino?</span> <span class='ocrx_word' id='word_1_71' title='bbox 1228 754 1267 778; x_wconf 85' lang='lat'>10</span> 
     </span>
    </p>

    <p class='ocr_par' dir='ltr' id='par_1_8' title="bbox 257 787 1154 873">
     <span class='ocr_line' id='line_1_13' title="bbox 257 787 1154 830; baseline -0.002 -10"><span class='ocrx_word' id='word_1_72' title='bbox 257 798 361 830; x_wconf 88' lang='lat' dir='ltr'>quem</span> <span class='ocrx_word' id='word_1_73' title='bbox 377 787 479 829; x_wconf 82' lang='lat' dir='ltr'>siqua</span> <span class='ocrx_word' id='word_1_74' title='bbox 494 787 652 828; x_wconf 80' lang='lat' dir='ltr'>attingit,</span> <span class='ocrx_word' id='word_1_75' title='bbox 672 797 742 819; x_wconf 90' lang='lat' dir='ltr'>non</span> <span class='ocrx_word' id='word_1_76' title='bbox 758 787 857 819; x_wconf 87' lang='lat' dir='ltr'>illam</span> <span class='ocrx_word' id='word_1_77' title='bbox 872 797 973 829; x_wconf 85' lang='lat' dir='ltr'>posse</span> <span class='ocrx_word' id='word_1_78' title='bbox 988 789 1154 829; x_wconf 87' lang='lat' dir='ltr'>putemus</span> 
     </span>
     <span class='ocr_line' id='line_1_14' title="bbox 298 829 928 873; baseline -0.002 -10"><span class='ocrx_word' id='word_1_79' title='bbox 298 830 433 873; x_wconf 77' lang='lat' dir='ltr'>aegroti</span> <span class='ocrx_word' id='word_1_80' title='bbox 448 830 568 862; x_wconf 87' lang='lat' dir='ltr'>culum</span> <span class='ocrx_word' id='word_1_81' title='bbox 584 830 717 872; x_wconf 85' lang='lat' dir='ltr'>lingere</span> <span class='ocrx_word' id='word_1_82' title='bbox 733 829 928 862; x_wconf 82' lang='lat' dir='ltr'>carnificis?</span> 
     </span>
    </p>
   </div>
   <div class='ocr_carea' id='block_1_4' title="bbox 705 937 865 971">
    <p class='ocr_par' dir='ltr' id='par_1_9' title="bbox 705 937 865 971">
     <span class='ocr_line' id='line_1_15' title="bbox 705 937 865 971; baseline 0 -1"><span class='ocrx_word' id='word_1_83' title='bbox 705 937 865 971; x_wconf 91' lang='lat' dir='ltr'>XCVIII</span> 
     </span>
    </p>
   </div>
   <div class='ocr_carea' id='block_1_5' title="bbox 256 996 1268 1253">
    <p class='ocr_par' dir='ltr' id='par_1_10' title="bbox 257 996 1160 1083">
     <span class='ocr_line' id='line_1_16' title="bbox 257 996 1160 1040; baseline 0.001 -10"><span class='ocrx_word' id='word_1_84' title='bbox 257 999 299 1031; x_wconf 93' lang='lat' dir='ltr'>In</span> <span class='ocrx_word' id='word_1_85' title='bbox 315 1000 362 1037; x_wconf 87' lang='lat' dir='ltr'>te,</span> <span class='ocrx_word' id='word_1_86' title='bbox 380 998 411 1030; x_wconf 88' lang='lat' dir='ltr'>si</span> <span class='ocrx_word' id='word_1_87' title='bbox 426 997 462 1030; x_wconf 91' lang='lat' dir='ltr'>in</span> <span class='ocrx_word' id='word_1_88' title='bbox 479 1007 704 1039; x_wconf 82' lang='lat' dir='ltr'>quemquam,</span> <span class='ocrx_word' id='word_1_89' title='bbox 719 996 789 1029; x_wconf 86' lang='lat' dir='ltr'>diei</span> <span class='ocrx_word' id='word_1_90' title='bbox 804 1000 896 1039; x_wconf 89' lang='lat' dir='ltr'>pote,</span> <span class='ocrx_word' id='word_1_91' title='bbox 913 997 1036 1040; x_wconf 85' lang='lat' dir='ltr'>putide</span> <span class='ocrx_word' id='word_1_92' title='bbox 1051 997 1160 1038; x_wconf 79' lang='lat' dir='ltr'>Victi,</span> 
     </span>
     <span class='ocr_line' id='line_1_17' title="bbox 298 1039 946 1083; baseline 0 -10"><span class='ocrx_word' id='word_1_93' title='bbox 298 1041 334 1073; x_wconf 87' lang='lat' dir='ltr'>id</span> <span class='ocrx_word' id='word_1_94' title='bbox 351 1040 444 1083; x_wconf 88' lang='lat' dir='ltr'>quod</span> <span class='ocrx_word' id='word_1_95' title='bbox 459 1039 615 1072; x_wconf 85' lang='lat' dir='ltr'>uerbosis</span> <span class='ocrx_word' id='word_1_96' title='bbox 631 1039 761 1072; x_wconf 76' lang='lat' dir='ltr'>dieitur</span> <span class='ocrx_word' id='word_1_97' title='bbox 775 1043 811 1072; x_wconf 87' lang='lat' dir='ltr'>et</span> <span class='ocrx_word' id='word_1_98' title='bbox 826 1039 946 1073; x_wconf 78' lang='lat' dir='ltr'>fatuis.</span> 
     </span>
    </p>

    <p class='ocr_par' dir='ltr' id='par_1_11' title="bbox 256 1082 1084 1167">
     <span class='ocr_line' id='line_1_18' title="bbox 256 1082 1084 1126; baseline 0 -10"><span class='ocrx_word' id='word_1_99' title='bbox 256 1084 326 1116; x_wconf 81' lang='lat' dir='ltr'>ista</span> <span class='ocrx_word' id='word_1_100' title='bbox 340 1094 420 1116; x_wconf 82' lang='lat' dir='ltr'>cum</span> <span class='ocrx_word' id='word_1_101' title='bbox 437 1083 570 1125; x_wconf 81' lang='lat' dir='ltr'>lingua,</span> <span class='ocrx_word' id='word_1_102' title='bbox 590 1082 621 1114; x_wconf 81' lang='lat' dir='ltr'>si</span> <span class='ocrx_word' id='word_1_103' title='bbox 636 1093 722 1114; x_wconf 82' lang='lat' dir='ltr'>usus</span> <span class='ocrx_word' id='word_1_104' title='bbox 738 1082 862 1115; x_wconf 80' lang='lat' dir='ltr'>ueniat</span> <span class='ocrx_word' id='word_1_105' title='bbox 877 1083 954 1122; x_wconf 79' lang='lat' dir='ltr'>tibi,</span> <span class='ocrx_word' id='word_1_106' title='bbox 972 1082 1084 1126; x_wconf 82' lang='lat' dir='ltr'>possis</span> 
     </span>
     <span class='ocr_line' id='line_1_19' title="bbox 300 1125 996 1167; baseline 0 -9"><span class='ocrx_word' id='word_1_107' title='bbox 300 1126 396 1159; x_wconf 84' lang='lat' dir='ltr'>culos</span> <span class='ocrx_word' id='word_1_108' title='bbox 413 1129 449 1158; x_wconf 88' lang='lat' dir='ltr'>et</span> <span class='ocrx_word' id='word_1_109' title='bbox 464 1125 624 1167; x_wconf 82' lang='lat' dir='ltr'>crepidas</span> <span class='ocrx_word' id='word_1_110' title='bbox 639 1125 771 1167; x_wconf 82' lang='lat' dir='ltr'>lingere</span> <span class='ocrx_word' id='word_1_111' title='bbox 787 1125 996 1167; x_wconf 80' lang='lat' dir='ltr'>earpatinas.</span> 
     </span>
    </p>

    <p class='ocr_par' dir='ltr' id='par_1_12' title="bbox 257 1168 1268 1253">
     <span class='ocr_line' id='line_1_20' title="bbox 257 1168 1268 1211; baseline 0 -10"><span class='ocrx_word' id='word_1_112' title='bbox 257 1169 287 1201; x_wconf 84' lang='lat' dir='ltr'>si</span> <span class='ocrx_word' id='word_1_113' title='bbox 304 1179 366 1201; x_wconf 87' lang='lat' dir='ltr'>nos</span> <span class='ocrx_word' id='word_1_114' title='bbox 382 1168 524 1201; x_wconf 85' lang='lat' dir='ltr'>omnino</span> <span class='ocrx_word' id='word_1_115' title='bbox 539 1168 594 1200; x_wconf 85' lang='lat' dir='ltr'>uis</span> <span class='ocrx_word' id='word_1_116' title='bbox 611 1178 730 1200; x_wconf 88' lang='lat' dir='ltr'>omnes</span> <span class='ocrx_word' id='word_1_117' title='bbox 745 1168 898 1210; x_wconf 85' lang='lat' dir='ltr'>perdere,</span> <span class='ocrx_word' id='word_1_118' title='bbox 916 1168 1024 1209; x_wconf 83' lang='lat' dir='ltr'>Victi,</span> <span class='ocrx_word' id='word_1_119' title='bbox 1250 1177 1268 1211; x_wconf 84' lang='lat'>5</span> 
     </span>
     <span class='ocr_line' id='line_1_21' title="bbox 298 1210 977 1253; baseline -0.001 -9"><span class='ocrx_word' id='word_1_120' title='bbox 298 1211 414 1244; x_wconf 78' lang='lat' dir='ltr'>hiseas</span> <span class='ocrx_word' id='word_1_121' title='bbox 428 1225 436 1244; x_wconf 76' lang='grc' dir='ltr'><strong>ι</strong></span> <span class='ocrx_word' id='word_1_122' title='bbox 459 1210 601 1244; x_wconf 86' lang='lat' dir='ltr'>omnino</span> <span class='ocrx_word' id='word_1_123' title='bbox 616 1210 710 1253; x_wconf 89' lang='lat' dir='ltr'>quod</span> <span class='ocrx_word' id='word_1_124' title='bbox 726 1211 824 1253; x_wconf 81' lang='lat' dir='ltr'>cupis</span> <span class='ocrx_word' id='word_1_125' title='bbox 840 1210 977 1244; x_wconf 83' lang='lat' dir='ltr'>efficies.</span> 
     </span>
    </p>
   </div>
   <div class='ocr_carea' id='block_1_6' title="bbox 703 1319 825 1352">
    <p class='ocr_par' dir='ltr' id='par_1_13' title="bbox 703 1319 825 1352">
     <span class='ocr_line' id='line_1_22' title="bbox 703 1319 825 1352; baseline 0.008 -1"><span class='ocrx_word' id='word_1_126' title='bbox 703 1319 825 1352; x_wconf 89' lang='lat' dir='ltr'>XCIX</span> 
     </span>
    </p>
   </div>
   <div class='ocr_carea' id='block_1_7' title="bbox 258 1377 1265 1625">
    <p class='ocr_par' dir='ltr' id='par_1_14' title="bbox 258 1377 1061 1454">
     <span class='ocr_line' id='line_1_23' title="bbox 258 1377 1061 1421; baseline 0 -9"><span class='ocrx_word' id='word_1_127' title='bbox 258 1378 419 1421; x_wconf 83' lang='lat' dir='ltr'>Surripui</span> <span class='ocrx_word' id='word_1_128' title='bbox 435 1378 511 1416; x_wconf 89' lang='lat' dir='ltr'>tibi,</span> <span class='ocrx_word' id='word_1_129' title='bbox 531 1378 615 1410; x_wconf 88' lang='lat' dir='ltr'>dum</span> <span class='ocrx_word' id='word_1_130' title='bbox 631 1377 736 1417; x_wconf 80' lang='lat' dir='ltr'>ludis,</span> <span class='ocrx_word' id='word_1_131' title='bbox 754 1378 889 1411; x_wconf 77' lang='lat' dir='ltr'>mellite</span> <span class='ocrx_word' id='word_1_132' title='bbox 905 1379 1061 1419; x_wconf 88' lang='lat' dir='ltr'>quenti,</span> 
     </span>
     <span class='ocr_line' id='line_1_24' title="bbox 301 1420 945 1454; baseline 0 0"><span class='ocrx_word' id='word_1_133' title='bbox 301 1421 477 1454; x_wconf 81' lang='lat' dir='ltr'>sauiolum</span> <span class='ocrx_word' id='word_1_134' title='bbox 495 1420 590 1453; x_wconf 82' lang='lat' dir='ltr'>dulci</span> <span class='ocrx_word' id='word_1_135' title='bbox 606 1420 744 1453; x_wconf 82' lang='lat' dir='ltr'>dulcius</span> <span class='ocrx_word' id='word_1_136' title='bbox 759 1421 945 1454; x_wconf 85' lang='lat' dir='ltr'>ambrosia.</span> 
     </span>
    </p>

    <p class='ocr_par' dir='ltr' id='par_1_15' title="bbox 258 1463 1254 1547">
     <span class='ocr_line' id='line_1_25' title="bbox 258 1463 1254 1512; baseline 0.001 -15"><span class='ocrx_word' id='word_1_137' title='bbox 258 1475 381 1497; x_wconf 89' lang='lat' dir='ltr'>uerum</span> <span class='ocrx_word' id='word_1_138' title='bbox 396 1464 433 1496; x_wconf 85' lang='lat' dir='ltr'>id</span> <span class='ocrx_word' id='word_1_139' title='bbox 449 1474 518 1496; x_wconf 92' lang='lat' dir='ltr'>non</span> <span class='ocrx_word' id='word_1_140' title='bbox 534 1463 666 1505; x_wconf 86' lang='lat' dir='ltr'>inpune</span> <span class='ocrx_word' id='word_1_141' title='bbox 682 1463 770 1496; x_wconf 85' lang='lat' dir='ltr'>tuli:</span> <span class='ocrx_word' id='word_1_142' title='bbox 795 1474 949 1512; x_wconf 74' lang='lat' dir='ltr'>namque</span> <span class='ocrx_word' id='word_1_143' title='bbox 964 1464 1116 1506; x_wconf 78' lang='lat' dir='ltr'>amplius</span> <span class='ocrx_word' id='word_1_144' title='bbox 1131 1464 1254 1498; x_wconf 86' lang='lat' dir='ltr'>horam</span> 
     </span>
     <span class='ocr_line' id='line_1_26' title="bbox 299 1506 1125 1547; baseline 0.001 -8"><span class='ocrx_word' id='word_1_145' title='bbox 299 1507 467 1539; x_wconf 84' lang='lat' dir='ltr'>suffixum</span> <span class='ocrx_word' id='word_1_146' title='bbox 482 1506 518 1538; x_wconf 89' lang='lat' dir='ltr'>in</span> <span class='ocrx_word' id='word_1_147' title='bbox 535 1516 674 1538; x_wconf 83' lang='lat' dir='ltr'>summa</span> <span class='ocrx_word' id='word_1_148' title='bbox 689 1516 746 1538; x_wconf 89' lang='lat' dir='ltr'>me</span> <span class='ocrx_word' id='word_1_149' title='bbox 761 1506 907 1538; x_wconf 86' lang='lat' dir='ltr'>memim</span> <span class='ocrx_word' id='word_1_150' title='bbox 922 1517 998 1539; x_wconf 86' lang='lat' dir='ltr'>esse</span> <span class='ocrx_word' id='word_1_151' title='bbox 1012 1517 1125 1547; x_wconf 84' lang='lat' dir='ltr'>eruce,</span> 
     </span>
    </p>

    <p class='ocr_par' dir='ltr' id='par_1_16' title="bbox 259 1549 1265 1625">
     <span class='ocr_line' id='line_1_27' title="bbox 259 1549 1265 1592; baseline 0.001 -10"><span class='ocrx_word' id='word_1_152' title='bbox 259 1550 343 1582; x_wconf 89' lang='lat' dir='ltr'>dum</span> <span class='ocrx_word' id='word_1_153' title='bbox 358 1549 425 1581; x_wconf 87' lang='lat' dir='ltr'>tibi</span> <span class='ocrx_word' id='word_1_154' title='bbox 441 1559 497 1581; x_wconf 88' lang='lat' dir='ltr'>me</span> <span class='ocrx_word' id='word_1_155' title='bbox 512 1559 622 1590; x_wconf 87' lang='lat' dir='ltr'>purgo</span> <span class='ocrx_word' id='word_1_156' title='bbox 638 1559 702 1580; x_wconf 83' lang='lat' dir='ltr'>nee</span> <span class='ocrx_word' id='word_1_157' title='bbox 718 1559 860 1590; x_wconf 81' lang='lat' dir='ltr'>possum</span> <span class='ocrx_word' id='word_1_158' title='bbox 877 1549 1020 1582; x_wconf 85' lang='lat' dir='ltr'>fletibus</span> <span class='ocrx_word' id='word_1_159' title='bbox 1035 1549 1118 1583; x_wconf 87' lang='lat' dir='ltr'>uuis</span> <span class='ocrx_word' id='word_1_160' title='bbox 1247 1557 1265 1592; x_wconf 88' lang='grc'><strong><em>5</em></strong></span> 
     </span>
     <span class='ocr_line' id='line_1_28' title="bbox 300 1591 993 1625; baseline -0.001 0"><span class='ocrx_word' id='word_1_161' title='bbox 300 1592 484 1625; x_wconf 84' lang='lat' dir='ltr'>tantillum</span> <span class='ocrx_word' id='word_1_162' title='bbox 500 1594 640 1624; x_wconf 83' lang='lat' dir='ltr'>uostrae</span> <span class='ocrx_word' id='word_1_163' title='bbox 657 1591 795 1624; x_wconf 89' lang='lat' dir='ltr'>demere</span> <span class='ocrx_word' id='word_1_164' title='bbox 811 1592 993 1624; x_wconf 84' lang='lat' dir='ltr'>saeuitiae.</span> 
     </span>
    </p>
   </div>
   <div class='ocr_carea' id='block_1_8' title="bbox 644 1661 880 1664">
    <p class='ocr_par' dir='ltr' id='par_1_17' title="bbox 644 1661 880 1664">
     <span class='ocr_line' id='line_1_29' title="bbox 644 1661 880 1664; baseline 0 0"><span class='ocrx_word' id='word_1_165' title='bbox 644 1661 880 1664; x_wconf 95' lang='lat' dir='ltr'> </span> 
     </span>
    </p>
   </div>
   <div class='ocr_carea' id='block_1_9' title="bbox 258 1695 1270 1848">
    <p class='ocr_par' dir='ltr' id='par_1_18' title="bbox 258 1695 1270 1848">
     <span class='ocr_line' id='line_1_30' title="bbox 296 1695 1270 1732; baseline 0.001 -8"><span class='ocrx_word' id='word_1_166' title='bbox 296 1695 407 1724; x_wconf 82' lang='lat' dir='ltr'>XCVII</span> <span class='ocrx_word' id='word_1_167' title='bbox 416 1697 434 1724; x_wconf 87' lang='lat'>2</span> <span class='ocrx_word' id='word_1_168' title='bbox 442 1699 589 1726; x_wconf 70' lang='lat' dir='ltr'>utrumne</span> <span class='ocrx_word' id='word_1_169' title='bbox 600 1695 719 1725; x_wconf 81' lang='lat' dir='ltr'>Auant.</span> <span class='ocrx_word' id='word_1_170' title='bbox 751 1695 768 1723; x_wconf 89' lang='lat'><strong>3</strong></span> <span class='ocrx_word' id='word_1_171' title='bbox 777 1695 824 1725; x_wconf 77' lang='lat' dir='ltr'>ita</span> <span class='ocrx_word' id='word_1_172' title='bbox 835 1696 872 1732; x_wconf 93' lang='grc' dir='ltr'>Ο,</span> <span class='ocrx_word' id='word_1_173' title='bbox 883 1695 1029 1732; x_wconf 70' lang='lat' dir='ltr'>nobisque</span> <span class='ocrx_word' id='word_1_174' title='bbox 1038 1696 1076 1725; x_wconf 83' lang='lat' dir='ltr'>G.</span> <span class='ocrx_word' id='word_1_175' title='bbox 1091 1705 1100 1731; x_wconf 89' lang='grc'><strong>;</strong></span> <span class='ocrx_word' id='word_1_176' title='bbox 1117 1695 1270 1726; x_wconf 76' lang='lat' dir='ltr'>mundior</span> 
     </span>
     <span class='ocr_line' id='line_1_31' title="bbox 258 1734 1266 1770; baseline -0.001 -5"><span class='ocrx_word' id='word_1_177' title='bbox 258 1736 309 1765; x_wconf 82' lang='lat' dir='ltr'>hic</span> <span class='ocrx_word' id='word_1_178' title='bbox 323 1735 450 1770; x_wconf 86' lang='lat' dir='ltr'>Baehr.,</span> <span class='ocrx_word' id='word_1_179' title='bbox 469 1735 662 1764; x_wconf 78' lang='lat' dir='ltr'>immundior</span> <span class='ocrx_word' id='word_1_180' title='bbox 675 1735 728 1763; x_wconf 75' lang='lat' dir='ltr'>ille</span> <span class='ocrx_word' id='word_1_181' title='bbox 741 1734 835 1764; x_wconf 70' lang='lat' dir='ltr'>Lach⁴</span> <span class='ocrx_word' id='word_1_182' title='bbox 877 1735 897 1763; x_wconf 80' lang='lat'>5</span> <span class='ocrx_word' id='word_1_183' title='bbox 915 1743 948 1764; x_wconf 81' lang='lat' dir='ltr'>os</span> <span class='ocrx_word' id='word_1_184' title='bbox 968 1734 1144 1770; x_wconf 79' lang='lat' dir='ltr'>Froehheh,</span> <span class='ocrx_word' id='word_1_185' title='bbox 1160 1735 1212 1764; x_wconf 77' lang='lat' dir='ltr'>hic</span> <span class='ocrx_word' id='word_1_186' title='bbox 1224 1734 1266 1770; x_wconf 82' lang='lat' dir='ltr'>V,</span> 
     </span>
     <span class='ocr_line' id='line_1_32' title="bbox 259 1773 1270 1810; baseline -0.001 -7"><span class='ocrx_word' id='word_1_187' title='bbox 259 1776 327 1803; x_wconf 83' lang='lat' dir='ltr'>sine</span> <span class='ocrx_word' id='word_1_188' title='bbox 347 1774 377 1803; x_wconf 85' lang='lat' dir='ltr'>d.</span> <span class='ocrx_word' id='word_1_189' title='bbox 403 1775 453 1803; x_wconf 77' lang='lat' dir='ltr'>hic</span> <span class='ocrx_word' id='word_1_190' title='bbox 466 1785 474 1803; x_wconf 92' lang='lat'>.·</span> <span class='ocrx_word' id='word_1_191' title='bbox 496 1774 599 1803; x_wconf 65' lang='lat' dir='ltr'>dentis</span> <span class='ocrx_word' id='word_1_192' title='bbox 619 1782 651 1803; x_wconf 80' lang='lat' dir='ltr'>os</span> <span class='ocrx_word' id='word_1_193' title='bbox 672 1773 842 1803; x_wconf 81' lang='lat' dir='ltr'>Rossbach.</span> <span class='ocrx_word' id='word_1_194' title='bbox 884 1774 903 1802; x_wconf 85' lang='grc'><strong>6</strong></span> <span class='ocrx_word' id='word_1_195' title='bbox 918 1773 1068 1810; x_wconf 74' lang='lat' dir='ltr'>ploxonio</span> <span class='ocrx_word' id='word_1_196' title='bbox 1087 1773 1126 1809; x_wconf 88' lang='lat' dir='ltr'>G,</span> <span class='ocrx_word' id='word_1_197' title='bbox 1139 1774 1270 1810; x_wconf 72' lang='lat' dir='ltr'>pzozm&#39;o</span> 
     </span>
     <span class='ocr_line' id='line_1_33' title="bbox 261 1811 1268 1848; baseline -0.001 -7"><span class='ocrx_word' id='word_1_198' title='bbox 261 1813 287 1842; x_wconf 96' lang='lat' dir='ltr'>O</span> <span class='ocrx_word' id='word_1_199' title='bbox 302 1823 310 1847; x_wconf 90' lang='lat'>;</span> <span class='ocrx_word' id='word_1_200' title='bbox 331 1812 371 1841; x_wconf 79' lang='lat' dir='ltr'>cf.</span> <span class='ocrx_word' id='word_1_201' title='bbox 389 1812 498 1848; x_wconf 78' lang='lat' dir='ltr'>Quint.</span> <span class='ocrx_word' id='word_1_202' title='bbox 516 1813 531 1841; x_wconf 95' lang='lat' dir='ltr'>I</span> <span class='ocrx_word' id='word_1_203' title='bbox 545 1812 573 1848; x_wconf 88' lang='lat'>5,</span> <span class='ocrx_word' id='word_1_204' title='bbox 589 1811 617 1841; x_wconf 89' lang='grc'>8.</span> <span class='ocrx_word' id='word_1_205' title='bbox 660 1811 786 1840; x_wconf 80' lang='lat' dir='ltr'>XCVIII</span> <span class='ocrx_word' id='word_1_206' title='bbox 800 1813 818 1840; x_wconf 91' lang='lat'>1</span> <span class='ocrx_word' id='word_1_207' title='bbox 832 1814 865 1842; x_wconf 76' lang='lat' dir='ltr'>et</span> <span class='ocrx_word' id='word_1_208' title='bbox 877 1813 897 1841; x_wconf 84' lang='grc'>5</span> <span class='ocrx_word' id='word_1_209' title='bbox 915 1812 998 1842; x_wconf 75' lang='lat' dir='ltr'>Victi</span> <span class='ocrx_word' id='word_1_210' title='bbox 1010 1812 1042 1841; x_wconf 87' lang='lat' dir='ltr'><strong>V</strong></span> <span class='ocrx_word' id='word_1_211' title='bbox 1055 1812 1190 1842; x_wconf 74' lang='lat' dir='ltr'>fortasse</span> <span class='ocrx_word' id='word_1_212' title='bbox 1203 1821 1268 1842; x_wconf 82' lang='lat' dir='ltr'>cor-</span> 
     </span>
    </p>
   </div>
   <div class='ocr_carea' id='block_1_10' title="bbox 260 1854 399 1888">
    <p class='ocr_par' dir='ltr' id='par_1_19' title="bbox 260 1854 399 1888">
     <span class='ocr_line' id='line_1_34' title="bbox 260 1854 399 1888; baseline 0.007 -9"><span class='ocrx_word' id='word_1_213' title='bbox 260 1854 399 1888; x_wconf 77' lang='lat' dir='ltr'>ruptum.</span> 
     </span>
    </p>
   </div>
  </div>
 </body>
</html>
