1388 2078
316 165 478 199 CARMI
477 164 517 197 N
515 163 548 196 A
580 163 634 196 A:
661 160 947 196 XIX—XLIII
1093 160 1136 192 25

111 251 148 281 et
163 250 271 289 negat
287 247 374 279 mihi
389 248 510 278 uestra
524 245 744 277 reddituram

111 290 311 334 pugillaria,
330 289 361 322 si
375 289 452 332 pati
466 288 624 331 potestis.
1115 293 1133 328 5

113 343 366 377 persequamur
380 343 469 371 eam,
489 334 524 364 et
539 330 788 373 reflagitenrus.

113 387 206 419 quae
221 376 278 415 sit,
298 375 478 417 quaeritis.
526 374 600 412 illa,
620 384 728 416 quam
744 371 875 405 uidetis

113 422 216 462 turpe
230 419 403 457 incedere,
422 417 561 449 mimice
578 428 618 448 ac
635 416 781 448 moleste

113 462 288 494 ridentem
303 461 414 493 catuli
429 471 487 493 ore
503 459 690 492 Gallicani.

114 504 363 538 circumsistite
379 514 457 536 eam
473 506 509 535 et
524 502 723 543 ressagitate
739 515 746 534 :
1098 509 1136 532 10

117 551 126 564 ‘
140 547 286 579 moecha
300 547 437 589 putida,
455 546 561 578 redde
578 545 766 583 codicillos,

114 590 231 629 redde,
250 590 376 632 putida
392 589 547 627 moecha,
567 587 770 620 codicfflosf

115 644 185 666 non
202 633 290 665 assis
306 632 393 664 facis
406 636 418 664 ‘2
440 642 461 664 o
477 632 604 669 lutum,
623 631 784 672 lupanar,

116 679 180 709 aut
196 676 227 708 si
242 675 413 718 perditius
429 677 528 717 potes
545 674 630 716 quid
647 683 732 706 esse.

115 719 178 751 sed
194 729 263 751 non
280 722 334 750 est
350 721 470 750 tamen
486 717 551 749 hoc
567 716 654 749 satis
670 715 881 758 putandum.
1099 721 1135 756 15

116 762 210 804 quod
227 762 257 793 si
273 772 342 793 non
359 760 457 793 aliud
473 762 555 802 pote
571 763 612 791 ut
628 759 791 791 ruborem

115 805 227 837 ferreo
243 804 339 836 canis
356 803 594 846 exprimamus
611 812 679 841 ore,

117 847 336 880 conclamate
351 847 481 878 iterum
497 845 620 878 altiore
637 854 723 877 uoce
739 858 746 877 :

120 890 285 922 ‘moecha
300 889 437 932 putida,
456 888 562 921 redde
577 887 765 926 codicillos,

116 933 234 971 redde,
254 932 380 975 putida
396 931 551 969 moecha,
571 929 773 962 codicillos.'
1098 937 1140 960 20

117 976 179 1008 sed
195 975 246 1007 nil
262 975 472 1017 proficimus,
490 973 581 1006 nihil
597 976 769 1005 mouetur.

118 1018 326 1050 mutandast
342 1017 432 1049 ratio
448 1017 643 1058 modusque
661 1016 772 1054 uobis,

117 1061 236 1103 siquid
251 1061 415 1103 proficere
431 1059 583 1102 amplius
600 1058 746 1101 potestis
760 1072 767 1090 :

121 1108 129 1121 ‘
142 1104 271 1147 pudica
287 1106 323 1136 et
339 1103 459 1146 proba,
476 1102 584 1135 redde
599 1101 787 1134 codicillos.

565 1257 693 1290 XLIII

119 1334 238 1373 Salue,
258 1343 322 1366 nec
337 1332 484 1365 minimo
499 1331 619 1374 puella
634 1342 722 1364 naso

119 1388 184 1410 nec
200 1377 292 1409 bello
308 1376 396 1418 pede
412 1386 476 1408 nec
492 1375 602 1416 nigris
617 1374 737 1407 ocellis

119 1430 184 1452 nec
198 1419 313 1462 longis
329 1418 450 1461 digitis
466 1429 529 1450 nec
546 1428 603 1449 ore
620 1418 711 1449 sicco

118 1473 184 1495 nec
199 1473 284 1495 sane
300 1462 405 1494 nimis
421 1461 583 1503 elegante
600 1460 734 1502 lingua,

119 1505 311 1538 decoctoris
328 1504 443 1537 amica
459 1503 647 1535 Formiani.
1124 1509 1143 1544 5

119 1551 181 1580 ten
197 1547 378 1590 prouincia
394 1549 513 1579 narrat
530 1556 605 1578 esse
622 1545 775 1578 bellam?

120 1593 239 1623 tecum
255 1590 383 1623 Lesbia
398 1592 519 1621 nostra
536 1591 770 1630 conparatur?

120 1644 141 1666 0
157 1633 312 1667 saeclum
326 1632 505 1675 insapiens
522 1634 557 1664 et
573 1631 768 1663 infacetum
782 1633 789 1663 !

159 1802 243 1830 XLII
257 1803 294 1830 13
309 1802 392 1839 facit
412 1801 627 1831 Halbertsma.
671 1802 710 1829 14
720 1803 820 1837 potest
833 1800 932 1838 aliqui
947 1799 1036 1829 codd.
1053 1798 1141 1836 uulg.

123 1843 159 1870 16
182 1845 253 1878 >pote
280 1845 315 1870 ut
336 1841 462 1877 Munro,
484 1844 584 1877 potest
606 1841 645 1877 V,
671 1840 868 1875 edd.,uerbis
893 1840 940 1869 ita
964 1839 1143 1868 distinctis:

122 1884 227 1918 potest,
245 1890 272 1909 r.
286 1880 312 1917 f.
332 1889 354 1909 c.
373 1890 396 1909 e.
415 1889 466 1909 ore
480 1878 543 1916 (18)
557 1889 582 1909 c.
