1388 2078
378 183 612 216 CARMINA
644 183 795 216 XXV—
803 182 949 215 XXIX

140 257 353 299 ecquidnam
368 257 405 290 in
422 257 554 290 tabulis
570 261 670 300 patet
686 258 806 291 lucelli

141 310 348 342 expensum,
367 303 408 332 ut
424 301 524 339 mihi,
543 301 606 343 qui
622 312 742 334 mcum
758 306 900 336 secutus

140 345 337 384 praetorem
353 343 463 375 refero
480 343 605 376 datum
621 344 748 377 lucello
762 349 774 377 ἶ)

140 395 161 417 o
178 384 337 425 Memmi,
356 387 445 418 bene
461 397 517 418 nie
535 398 575 419 ac
592 387 654 419 diu
670 388 839 430 supinum

139 431 217 461 tota
232 429 303 461 ista
317 429 418 461 trabe
435 429 552 462 lentus
570 430 770 463 inrumasti.

138 471 213 510 sed,
231 474 407 514 quantum
423 472 539 511 uideo,
560 473 635 515 pari
650 473 770 506 fuistis

138 524 244 546 casu:
270 525 353 546 nam
369 515 481 547 nihilo
494 516 627 548 minore
645 527 754 558 uerpa

137 556 222 589 farti
236 558 334 589 estis.
383 561 463 600 pete
480 558 615 590 nobiles
632 559 763 591 amicos
781 563 787 593 !

138 602 177 632 at
193 600 294 632 uobis
309 600 406 633 mala
422 601 538 633 multa
553 601 590 633 di
605 601 765 644 deaeque

137 642 234 682 dent,
254 643 439 685 opprobria
454 644 599 676 Romuli
615 645 799 688 Remique.

581 737 710 770 XXIX

137 794 225 835 Quis
241 794 307 827 hoc
323 797 439 837 potest
457 795 587 834 uidere,
607 793 687 838 quis
704 798 821 838 potest
838 799 925 840 pati,

135 837 206 870 nisi
221 837 408 880 inpudicus
424 842 460 870 et
476 849 587 870 uorax
604 842 640 870 et
656 838 745 877 aleo,

136 881 354 913 Mamurram
372 881 502 913 habere
518 881 613 923 quod
631 882 780 914 Comata
796 882 916 915 Gallia

119 923 291 956 habebat
307 926 390 956 ante
406 927 442 956 et
457 924 586 956 ultima
602 924 815 957 Britannia?

135 966 280 999 cinaede
297 966 459 1005 Romule,
475 967 562 998 haec
578 967 716 999 uidebis
733 971 770 1000 et
784 967 898 1000 feres?

134 1019 168 1041 es
184 1009 373 1051 inpudicus
389 1013 421 1041 et
436 1020 545 1041 vomas
561 1013 593 1041 et
608 1010 694 1042 celeo.

134 1055 171 1084 et
186 1052 246 1084 ille
262 1063 356 1084 nunc
372 1052 542 1094 superbus
559 1055 595 1084 et
610 1052 830 1094 superfluens

133 1095 395 1136 perambulabit
410 1095 569 1126 omnium
585 1095 717 1127 cubilia

133 1140 175 1169 ut
191 1137 332 1169 albulus
350 1137 532 1169 columbus
549 1141 613 1169 aut
630 1138 826 1170 Adoneus?

131 1180 278 1212 cinaede
294 1180 456 1219 Romule,
474 1180 562 1212 haec
578 1180 716 1213 uidebis
733 1184 768 1213 et
784 1181 897 1213 feres?

132 1233 170 1255 es
185 1223 373 1265 inpudicus
390 1226 426 1255 et
442 1233 551 1255 uorax
569 1227 603 1255 et
620 1224 708 1255 aleo.

131 1276 218 1298 eone
234 1266 386 1304 nomine,
402 1266 592 1308 imperator
608 1267 720 1305 unice,

129 1308 232 1340 fuisti
248 1309 285 1340 in
300 1308 429 1341 ultima
444 1309 636 1341 occidentis
652 1309 782 1348 insula,

130 1355 171 1383 ut
186 1352 257 1384 ista
272 1355 393 1383 nostra
409 1351 581 1383 diffututa
596 1352 758 1384 mentula

131 1394 340 1426 ducentiens
356 1398 528 1426 comesset
545 1398 609 1426 aut
625 1395 837 1428 trecentiens
851 1399 864 1428 2

131 1437 217 1479 quid
234 1440 288 1469 est
303 1436 378 1469 alid
394 1436 538 1469 sinistra
554 1437 774 1470 liberalitas?

128 1490 254 1521 parum
270 1480 474 1522 expatrauit
489 1491 536 1512 an
552 1491 678 1522 parum
693 1481 875 1515 helluatus
898 1484 976 1514 est?

128 1526 277 1564 paterna
291 1522 406 1565 prima
422 1522 603 1555 lancinata
618 1526 702 1555 sunt
718 1524 822 1563 bona,

129 1565 285 1597 secunda
301 1565 431 1607 praeda
447 1565 607 1605 Pontica,
627 1566 710 1598 inde
727 1567 835 1600 tertia

129 1608 263 1640 Hibera
278 1618 386 1649 quam
402 1608 469 1640 scit
484 1608 599 1640 amnis¹
614 1609 746 1641 aurifer
762 1610 907 1652 Tagus-

127 1653 206 1686 eine
223 1653 363 1686 Galliae
378 1653 509 1686 ultima
523 1655 560 1685 et
575 1651 807 1685 Britanniae?

1130 182 1167 214 17

1128 443 1162 465 lc

1119 1236 1156 1259 10

1114 1450 1150 1483 15

1109 1664 1150 1686 20

160 1762 293 1791 XXVIII
326 1763 354 1799 9,
391 1763 429 1790 10
463 1772 535 1792 cum
569 1763 673 1800 priore
707 1772 737 1791 u.
779 1761 943 1797 coniungit
982 1761 1062 1791 Scal.
1100 1762 1140 1792 al.

122 1801 223 1830 XXIX
243 1803 263 1829 4
283 1805 355 1831 ante
378 1802 460 1831 Stat.
485 1805 524 1830 cz'o
548 1805 575 1830 tc
601 1801 639 1830 V.
683 1801 702 1829 8
726 1801 876 1830 Adoneus
898 1801 980 1829 Stat.
1005 1800 1144 1836 ydoneus

122 1842 163 1878 V,
183 1842 347 1877 Thyoneus
361 1841 440 1870 Ellis
460 1841 492 1869 in
514 1841 602 1869 Diar.
620 1839 734 1869 Philol.
752 1839 817 1868 xvii
832 1839 897 1874 132,
916 1840 994 1868 haut
1013 1839 1144 1868 idoneus

125 1879 225 1917 sung,
243 1879 282 1910 al.
326 1880 364 1907 20
378 1879 416 1909 de
430 1879 489 1909 hoc
503 1889 534 1909 u.
549 1878 624 1908 uide
638 1888 719 1915 quae
732 1879 767 1907 in
779 1877 978 1916 praefatione
991 1877 1138 1906 diximus.

632 1923 654 1949 C
