1414 2130
454 529 753 573 PRAEFATI
760 531 795 573 O

129 639 245 768 C
255 638 496 672 ATVLLVM
506 640 568 682 qui
578 640 683 673 hodie
693 641 804 673 edunt
816 640 904 673 adeo
916 641 953 673 et
965 640 1087 672 tritam
1099 643 1134 672 et

277 689 426 722 arduam
441 690 538 723 m'am
560 693 728 724 secuntur
750 694 802 730 ut,
821 701 915 723 noua
930 690 961 723 si
976 694 1132 732 captent,

278 743 343 773 aut
357 741 395 773 in
415 744 599 783 pemetera
620 744 729 784 atque
752 741 910 774 obsoleta
926 741 1067 783 saepius
1084 741 1133 773 in-

117 789 238 823 cidant
267 793 332 824 aut
361 791 470 824 etiam
498 791 536 834 in
570 792 705 825 incerta
733 792 852 825 omnia
880 794 989 834 atque
1018 791 1135 824 aliena

117 841 290 875 aberrent.
338 843 500 885 quocirca
526 853 597 875 non
626 843 819 876 admirarer
844 845 1005 875 nostrum
1031 842 1133 881 Ellis,

117 892 149 924 si
185 892 319 926 Catulli
353 893 637 926 emendationem
674 905 747 926 rem
782 893 992 936 prudentiae
1026 896 1135 935 atque

118 943 314 977 industriae
343 944 440 977 haud
470 944 654 977 mediocris
682 955 758 977 esse
793 944 1042 977 tantummodo
1072 954 1136 976 nos

116 994 387 1034 adrnonuisset3
424 995 487 1028 sed
523 995 720 1028 subirascor
748 995 825 1028 uiro
860 996 963 1028 docto
993 1005 1136 1027 suorum

116 1045 238 1078 studia
257 1045 492 1088 restinguenti
509 1056 590 1078 cum
606 1046 671 1078 uix
693 1056 909 1088 quemquam
927 1049 1006 1088 post
1029 1045 1135 1078 Italo-

117 1106 195 1128 rum
207 1098 362 1129 aetatem
374 1099 438 1129 aut
449 1096 514 1129 hoc
523 1100 642 1129 nostro
653 1100 716 1130 aut
728 1097 899 1139 prioribus
912 1097 1060 1129 saeculis
1073 1096 1135 1128 ali—

117 1147 204 1189 quid
226 1147 264 1180 in
289 1149 411 1180 textus
434 1147 681 1180 emendatione
706 1148 893 1190 profecisse
917 1145 1135 1180 contendat.l

116 1198 154 1230 in
174 1198 278 1238 ueris,
296 1198 327 1231 si
349 1208 435 1231 uera
454 1198 646 1237 attulisset,
665 1198 820 1240 profecto
842 1198 1137 1240 acquiescendum

117 1248 212 1288 fuit3
248 1259 343 1281 nunc
372 1251 496 1281 contra
531 1248 649 1291 ipsum
686 1249 776 1281 Ellis
805 1249 974 1281 acerrime
1003 1258 1135 1290 pugna·

117 1299 245 1339 bimus,
276 1299 391 1332 multa
426 1299 532 1332 huius
563 1310 703 1342 quoque
737 1299 873 1332 saeculi
908 1299 1070 1331 homines
1098 1299 1136 1331 in

117 1349 261 1383 Catullo
289 1349 440 1382 feliciter
467 1349 670 1389 correxisse,
701 1350 816 1382 multa
847 1350 957 1382 etiam
989 1349 1136 1392 posthac

120 1403 344 1433 correcturos.

159 1451 229 1484 Sed
257 1451 329 1484 iam
359 1451 403 1484 de
432 1451 544 1484 nostri
569 1451 690 1493 'operis
720 1451 797 1483 siue
826 1451 944 1493 potius
976 1450 1135 1493 opusculi

116 1502 252 1535 ratione
274 1502 462 1535 dicendum
488 1504 566 1541 est;
600 1512 691 1544 quae
718 1502 862 1544 quidem
892 1502 975 1534 talis
1000 1502 1070 1534 fuit
1094 1505 1136 1533 ut

118 1553 252 1586 Catulli
266 1553 422 1586 carmina
438 1556 473 1586 et
490 1553 624 1595 aptiore
640 1553 685 1585 ad
706 1553 895 1595 legencium
910 1554 1023 1585 forma
1038 1553 1134 1585 exhi-

116 1604 277 1637 beremus
289 1607 325 1637 et
337 1607 511 1647 apparatu
523 1604 642 1637 critico
663 1615 703 1636 eo
718 1604 929 1637 instructam
942 1604 1003 1646 qui
1018 1604 1135 1636 breuis

118 1655 261 1697 quidem
275 1658 369 1688 esset
384 1655 446 1688 sed
461 1655 619 1687 maxima
634 1665 796 1697 quaeque
813 1655 1018 1687 contineret.

160 1706 211 1738 Vt
236 1706 378 1749 singula
402 1716 539 1749 sequar,
567 1706 662 1748 quod
685 1706 732 1738 ad
755 1706 890 1739 codices
914 1706 1056 1745 attinet,
1079 1706 1136 1738 usi

117 1767 239 1789 sumus
261 1756 304 1789 iis
328 1757 437 1799 copiis
457 1767 545 1799 quas
569 1757 606 1788 L.
636 1756 806 1789 Schwabe
827 1757 872 1789 ad
895 1756 1135 1789 recensionem

157 1842 163 1860 ¹
185 1841 241 1879 Pp.
250 1842 315 1878 xiii,
324 1842 377 1871 xiv
387 1843 524 1872 Praefat.
537 1843 577 1872 ad
589 1843 889 1880 Interpretationem
899 1842 1028 1879 Catulli,
1039 1851 1134 1880 quam

118 1888 234 1918 iterum
248 1898 264 1918 e
278 1889 365 1926 prelo
379 1890 527 1919 emissam
541 1899 612 1919 cum
626 1890 764 1919 maximo
779 1890 893 1927 gaudio
906 1890 1009 1920 uideo.

592 1939 619 1964 A
634 1933 654 1963 2
