1388 2078
271 130 314 162 64
529 128 563 161 C.
601 128 662 161 VA
668 128 792 160 LERI
819 127 877 161 CA
883 127 1033 161 TVLLI

269 203 377 245 digna
393 201 483 234 ferat
500 201 593 243 quod
609 200 718 243 siquis
734 200 888 233 inaniter
903 200 1094 234 adjurarit:

312 245 373 277 sed
389 244 450 286 qui
465 254 502 276 se
518 244 607 276 ferro
623 243 777 285 postulet
793 253 868 275 esse
883 246 1026 285 parem?

268 287 330 321 1116
345 298 484 329 quoque
497 297 639 318 euers-us
651 296 750 318 mons
763 288 827 325 est,
841 296 945 328 quem
955 285 1151 318 maximum
1162 285 1199 318 in
1210 286 1278 319 oris

312 329 493 373 progenies
510 329 621 360 Thiae
635 328 730 360 clara
745 327 1001 370 superuehitur,

269 383 350 406 cum
367 372 464 404 Medi
481 381 639 413 peperere
655 381 785 403 nouom
800 381 906 409 mare,
926 380 1078 413 cumque
1092 370 1263 404 iuuentus

312 425 373 464 per
388 414 544 446 medium
560 414 662 446 classi
678 413 827 446 barbara
843 413 945 446 nauit
959 413 1091 446 Athon.
1236 414 1279 454 46

269 458 355 500 quid
371 457 501 489 facient
518 456 641 495 crines,
660 467 740 488 011111
756 456 846 488 ferro
861 456 950 488 talia
965 455 1115 488 cedant?

313 500 483 542 Iuppiter,
502 502 542 531 ut
560 499 743 541 Chalybon
758 509 860 531 0111116
875 509 986 541 genus
1001 501 1133 540 pereat,

269 546 306 576 et
321 543 383 585 qui
399 542 567 584 principio
583 541 648 573 sub
664 544 756 574 terra
773 552 940 584 quaerere
954 551 1065 574 uenas

311 585 443 617 institit
460 595 500 617 ac
515 584 597 616 ferri
612 584 781 626 stringere
798 584 965 616 duritiem
980 587 986 616 !
1240 592 1280 626 50

269 628 457 661 abiunctae
473 627 578 669 paulo
593 630 676 659 ante
692 637 811 659 comae
825 637 905 659 mea
918 626 994 658 fata
1009 636 1142 659 sorores

312 670 492 712 lugebant,
511 681 591 701 cum
606 680 643 702 se
659 669 858 701 Memnonis
873 668 1059 711 Aethiopis

269 713 424 755 unigena
439 712 610 754 inpellens
627 712 836 744 nutantibus
853 722 934 744 aera
950 711 1074 753 pennis

312 756 443 788 obtulit
459 755 626 788 Arsinoes
643 754 805 787 Locridos
821 754 894 786 ales
910 764 1029 796 equos,

269 799 370 841 isque
386 809 446 840 per
461 797 635 830 aetherias
651 807 707 829 me
722 797 848 829 tollens
865 797 985 829 auolat
1001 796 1143 830 umbras
1239 804 1278 839 55

312 844 348 874 et
363 840 511 873 Veneris
527 843 623 872 casto
639 839 785 872 collocat
801 839 838 871 111
853 839 993 881 gremio.

272 884 350 927 ipsa
365 894 466 916 suom
482 882 680 924 Zephyritis
697 892 737 914 eo
752 882 927 914 famulum
941 881 1088 924 legarat,

312 926 421 959 Graia
438 925 623 967 Canopieis
638 924 754 957 incola
768 924 939 957 litoribus.

268 969 352 1002 inde
367 969 501 1007 Venus,
520 967 619 1000 uario
634 977 678 1000 ne
693 967 807 999 solum
822 967 859 999 in
874 966 1008 1000 lumine
1023 966 1113 1000 caeli

313 1022 357 1044 ex
373 1010 562 1044 Ariadneis
578 1020 686 1043 aurea
700 1009 914 1052 temporibus
1238 1011 1280 1043 60

270 1054 344 1087 fixa
358 1064 484 1086 corona
499 1053 600 1091 foret,
619 1052 681 1085 sed
695 1063 759 1084 nos
776 1062 915 1094 quoque
929 1051 1144 1095 fulgeremus

313 1097 463 1129 deuotae
478 1095 563 1128 flaui
578 1095 720 1127 uerticis
737 1095 900 1134 exuuiae,

272 1139 458 1172 uuidulam
475 1149 496 1171 a
511 1138 597 1170 fletu
613 1138 795 1170 cedentem
811 1137 856 1169 ad
871 1137 1005 1179 templa
1019 1137 1124 1170 deum
1139 1147 1195 1170 me

313 1182 410 1214 sidus
425 1182 462 1214 in
478 1180 635 1223 antiquis
651 1180 736 1213 (11113
750 1190 879 1212 nouom
893 1179 1010 1222 posuit
1023 1193 1030 1212 ε

270 1225 418 1267 uirginis
435 1227 470 1257 et
486 1224 585 1256 saeui
601 1223 807 1265 contingens
822 1233 975 1264 namque
992 1221 1117 1255 Leonis
1239 1223 1278 1264 65

312 1267 459 1306 Iumina,
479 1266 627 1299 Callisto
642 1265 765 1297 iuncta
780 1265 808 1297 L
835 1265 988 1304 03011136,

271 1313 388 1343 uertor
402 1309 439 1341 in
455 1319 628 1347 occasum,
646 1307 788 1340 tardum
827 1318 877 1339 ux
891 1309 976 1340 ante
990 1307 1136 1346 Booten,

313 1352 375 1394 qui
390 1352 453 1384 uix
469 1362 545 1384 sero
560 1351 633 1383 alto
648 1350 818 1392 mergitur
833 1350 982 1388 Oceano,

309 1439 347 1467 43
360 1439 500 1467 ‘maxima
513 1438 553 1474 V,
570 1447 648 1467 corr.
665 1437 757 1466 Voss.
798 1437 838 1464 44
853 1436 952 1465 Thiae
964 1435 1068 1471 Voss„
1088 1435 1183 1472 phi&
1196 1434 1281 1471 G)tz·e

271 1478 312 1507 V.
361 1479 400 1505 45
419 1485 548 1513 propere
564 1477 605 1512 V,
625 1484 769 1512 peperere
787 1475 841 1504 uel
859 1483 970 1511 rupere
989 1485 1019 1503 ω.
1060 1475 1099 1502 48
1121 1474 1281 1511 Chalybon

271 1516 457 1551 Pontianus,
485 1515 657 1551 Chalybum
677 1514 783 1549 Lach„
800 1515 924 1543 celicum
945 1513 982 1548 G,
1004 1513 1137 1542 celerum
1156 1513 1194 1542 O.
1235 1513 1276 1542 cf.

274 1555 353 1585 Call.
370 1555 421 1584 Fr.
438 1554 488 1583 350
501 1552 636 1584 Χαλύβων
650 1554 684 1586 ὡς
697 1553 830 1581 ἀπόλοιτο
849 1551 928 1588 γένος.
970 1552 1009 1579 50
1023 1551 1108 1587 ferri
1128 1553 1281 1587 strinyere

271 1594 388 1631 Heyse‚
406 1593 507 1630 ferris
521 1592 666 1629 frinyere
679 1591 809 1628 (finyere
829 1590 870 1626 G)
884 1591 924 1626 V,
936 1589 1020 1626 ferri
1027 1590 1146 1626 finyere
1160 1601 1190 1626 ω,
1206 1590 1277 1620 edd.

271 1632 423 1670 complur.
465 1632 504 1659 54
522 1631 673 1660 Locridos
692 1629 810 1665 Benti,
833 1629 1012 1659 elocridicos
1031 1629 1071 1658 V.
1113 1629 1176 1658 alis
1189 1637 1281 1665 equos

272 1671 314 1701 V.
355 1672 394 1699 58
414 1670 516 1700 Graia
535 1670 634 1705 uulg..
652 1669 768 1698 Graiia
787 1668 913 1703 Baehr.,
931 1669 1039 1703 yracz'a
1051 1667 1091 1696 V.
1133 1668 1171 1695 59
1192 1667 1280 1696 locus

271 1709 504 1739 uexatissimus.
518 1709 553 1737 hi
566 1709 615 1737 dii
628 1717 691 1737 uen
711 1708 754 1736 ibi
768 1708 862 1736 *uario
875 1706 907 1734 V
918 1706 1003 1735 unde
1017 1715 1073 1734 nos
1086 1706 1160 1735 inde
1178 1706 1281 1735 Venus

272 1758 318 1784 w,
334 1749 386 1778 hic
399 1748 510 1777 iuueni
523 1748 660 1776 Ismario
674 1745 762 1780 Ellis,
779 1746 840 1781 hic,
858 1746 946 1774 niuei
960 1754 990 1773 u.
1007 1744 1121 1774 Baehr.
1150 1745 1280 1773 numine

272 1786 312 1815 V.
355 1787 392 1815 63
413 1786 583 1815 uuidulam
603 1785 639 1814 Β.
663 1784 832 1819 Guarinus,
851 1784 1021 1812 uz'ndulam
1039 1783 1080 1819 V,
1103 1782 1281 1813 umidulam

272 1825 362 1855 Ellis.
403 1826 441 1854 66
455 1826 546 1855 iuxta
559 1824 716 1854 Licaonia
733 1823 769 1858 V..
786 1831 863 1852 corr.
880 1821 1080 1852 Parthenius.
