1388 2078
450 150 679 183 CARMINA
711 149 844 184 LXIV
1108 152 1149 184 53

142 223 251 256 sicine
267 223 446 256 discedens
463 223 621 265 neglecto
637 223 781 255 numine
797 223 916 255 diuom

142 266 322 305 inmemor,
342 277 373 305 3,
391 266 521 298 deuota
535 266 676 298 domum
693 266 845 308 periuria
860 268 1000 307 portas?
1089 273 1146 308 135

142 309 287 341 nullane
303 319 355 341 res
371 309 487 350 potuit
503 309 651 341 crudelis
669 308 805 341 flectere
821 308 948 340 mentis

142 351 349 384 consilium?
371 351 437 383 tibi
453 351 551 383 nulla
566 351 633 383 fuit
649 351 836 383 clementia
850 353 998 393 praesto,

142 393 266 426 inmite
283 397 322 426 ut
338 394 447 426 nostri
463 394 571 426 uellet
587 394 800 426 miserescere
817 396 961 435 pectus?

143 438 182 469 at
196 447 266 469 non
282 436 368 468 11366
384 437 561 478 quondam
578 436 708 469 blanda
723 437 892 478 promissa
908 435 1047 475 dedisti,

142 489 228 511 uoce
243 479 340 517 mihi,
359 490 428 511 non
444 479 530 511 11366
545 479 708 511 miseram
723 489 861 521 sperare
876 478 1032 518 iubebas,
1091 488 1149 519 140

113 522 116 525 “
143 522 205 554 sed
221 522 370 554 conubia
386 522 490 560 laeta,
510 521 571 554 sed
587 525 724 564 optatos
741 522 974 563 hymenaeos:

143 575 234 607 quae
250 568 378 596 cuncta
394 565 479 596 aerii
494 564 697 606 discerpunt
711 564 812 596 irrita
826 564 935 596 uenti.

142 607 215 639 iam
230 607 301 639 iam
318 607 416 639 nulla
432 607 507 639 uiro
522 607 655 639 iuranti
670 607 802 639 femina
817 607 948 647 credat,

142 649 243 682 nulla
257 649 325 681 uiri
339 654 453 691 speret
469 660 644 682 sermones
660 660 735 682 esse
751 649 870 682 fideles
884 662 893 688 ;
1091 659 1150 689 144

143 692 221 734 quis
235 692 320 724 dum
337 692 470 734 aliquid
487 692 630 734 cupiens
645 692 784 724 animus
799 692 990 734 praegestit
1006 691 1124 734 apisci,

142 735 195 766 nil
209 738 369 767 metuont
386 735 510 773 iurare,
530 735 618 766 nihil
634 735 836 777 promittere
877 738 1000 767 arcunt
1015 749 1022 768 :

143 777 205 809 sed
219 777 325 810 simul
342 788 381 810 36
398 778 545 819 cupidae
560 777 688 809 mentis
705 778 837 810 satiata
865 777 1006 817 ibidost,

142 819 238 852 dicta
252 820 341 852 nihil
356 821 555 859 meminere,
573 820 663 852 nihil
678 820 829 862 periuria
844 823 978 852 curant.

142 865 236 895 certe
245 873 314 911 ego
330 863 389 894 te'
380 874 416 894 m
433 863 547 894 medio
563 866 760 895 uersantem
779 866 835 894 tui
838 863 918 895 bine
933 862 996 895 leti

143 905 266 947 eripui,
285 908 320 937 et
336 905 488 947 potiuse
469 916 674 937 celmanum
689 905 851 937 amittere
867 905 972 944 creui,
1092 911 1150 945 150

143 958 251 990 quam
266 948 331 979 tibi
347 948 464 979 fallaci
480 958 641 990 supremo
655 948 692 979 in
708 951 863 989 tempore
878 948 1023 980 (16556111.

143 1000 204 1033 pro
219 1001 288 1032 quo
304 990 529 1022 dilaceranda
544 990 625 1022 feris
641 990 750 1022 dabor
765 990 978 1032 alitibusque

143 1033 283 1075 praeda,
302 1043 415 1074 neque
431 1033 561 1064 iniecta
576 1033 779 1064 tumulabm
793 1036 932 1065 m01tua
946 1036 1047 1065 terra.

143 1086 318 1117 quaenam
334 1078 369 1107 te
385 1075 507 1117 genuit
522 1075 597 1107 sola
612 1075 678 1107 sub
694 1086 778 1117 rupe
793 1075 940 1107 leaena?

144 1118 238 1160 quod
253 1128 348 1150 mare
364 1120 571 1159 conceptum
587 1118 833 1159 spumantibus
850 1117 974 1159 expuit
988 1116 1103 1155 undis,

144 1171 235 1203 quae
258 1160 381 1201 Syitis,
408 1171 498 1203 quae
525 1160 593 1203 Scy
594 1160 644 1192 113
666 1171 788 1203 rapax,
815 1171 905 1203 quae
930 1162 1035 1192 uasta
1061 1141 1149 1191 Cha-

300 1203 399 1241 bdis,
1092 1211 1104 1233 1
1111 1203 1151 1243 56

143 1245 232 1278 talia
246 1246 307 1288 qui
323 1245 437 1277 reddis
455 1255 515 1287 pro
531 1245 626 1278 dulci
640 1245 797 1288 praemia
811 1245 912 1279 uita?

143 1288 174 1320 si
189 1288 255 1320 tibi
271 1299 340 1320 non
357 1288 451 1319 cordi
466 1288 606 1320 fuerant
622 1288 772 1320 conubia
786 1292 916 1327 nostra,

143 1341 252 1363 saeua
267 1330 360 1379 quod
376 1330 539 1362 horrebas
556 1330 660 1372 prisci
673 1334 861 1379 praecepta
876 1330 1042 1373 parentis,

143 1376 182 1406 at
197 1376 315 1406 tamen
332 1373 367 1405 in
384 1378 520 1405 nostras
536 1373 683 1415 potuisti
699 1373 823 1406 ducere
839 1374 949 1413 sedes,
1091 1371 1150 1404 160

143 1426 235 1458 quae
250 1416 316 1448 tibi
331 1416 484 1447 iucundo
500 1416 689 1448 famularer
704 1427 806 1448 serua
822 1416 950 1455 labore,

143 1458 295 1491 candida
310 1458 526 1500 permulcens
543 1458 686 1500 liquidis
702 1458 855 1500 uesticria
870 1457 1023 1500 lvmphis

144 1511 364 1549 purpureaue
382 1504 478 1549 tuom
495 1505 720 1549 consternens
738 1505 836 1533 ueste
852 1501 975 1533 cubile.

144 1544 206 1576 sed
221 1543 305 1585 quid
321 1554 384 1585 ego
400 1543 529 1585 ionalis
545 1544 759 1586 nequiquam
776 1554 966 1586 conqueror
981 1542 1085 1581 auris,

144 1588 330 1619 externata
346 1586 448 1623 111310,
467 1596 557 1628 quae
572 1586 678 1618 nullis
695 1586 854 1619 sensibus
871 1589 996 1618 auctae
1091 1583 1148 1625 165

144 1638 210 1662 1166
222 1628 347 1661 11115535
363 1612 484 1661 audire
500 1631 634 1670 queunt
649 1639 712 1661 nec
728 1629 872 1661 reddere
887 1631 1013 1660 uoces?

181 1732 238 1760 138
250 1733 440 1761 miserescere
451 1743 480 1768 ω,
494 1733 653 1761 mirescere
667 1732 703 1768 O,
720 1733 875 1761 mitescere
889 1730 926 1760 G.
969 1730 1024 1758 139
1033 1728 1150 1759 blanda

145 1771 183 1807 O,
205 1771 292 1800 nobis
319 1770 355 1799 G.
399 1771 455 1798 140
476 1780 539 1799 own
562 1780 615 1800 nec
642 1771 681 1806 V,
705 1780 781 1799 corr.
806 1781 834 1799 ω.
878 1770 988 1798 misere
1011 1769 1050 1798 V.
1093 1769 1149 1795 148

144 1813 276 1839 metuere
289 1809 328 1844 V,
346 1819 422 1838 corr.
447 1809 612 1838 Czwalina.
655 1810 711 1836 153
732 1811 852 1838 intacta
865 1808 906 1844 V,
922 1809 1042 1836 im'aeta
1061 1807 1145 1844 uulg.

146 1849 204 1876 164
218 1856 312 1877 aures
326 1848 364 1884 V,
381 1847 465 1876 unde
479 1849 585 1877 aureis
600 1847 749 1878 Schwabe
762 1847 802 1877 aL
845 1855 1018 1883 conquerar
1031 1846 1070 1875 V.
