1388 2078
412 171 641 205 OARMINA
673 172 805 205 LXIV
1068 176 1109 209 57

105 245 269 288 puluinar
284 246 453 288 conplexa
469 256 532 278 suo
546 245 690 278 uelabat
706 246 847 278 aniictu.

95 298 197 330 quae
212 292 398 332 postquam
414 289 539 331 cupide
554 289 742 330 spectando
759 288 928 321 Thessala
944 289 1053 331 pubes

104 331 290 373 expletast,
309 331 439 364 sanctis
455 331 569 373 coepit
585 331 749 364 decedere
765 331 866 363 diuis.

104 373 172 412 hic,
214 374 304 407 ualis
320 374 408 406 flatu
423 374 600 417 placicium
618 384 710 406 mare
726 375 902 406 matutino

103 385 305 449 hornfficans
321 417 500 459 Zephyrus
515 417 678 459 procliuis
694 417 819 449 incitat
836 417 947 450 undas
1049 425 1112 459 270

104 458 243 492 Aurora
257 459 435 492 exoriente
451 460 534 502 uagi
550 460 615 492 sub
632 460 753 492 limina
771 460 870 498 Solis,

104 511 195 543 quae
210 502 309 535 tarde
324 503 475 545 primum
490 503 654 535 clementi
670 503 810 535 flamine
826 503 949 544 pulsae

103 545 295 585 procedunt
310 545 504 587 leuiterque
520 548 646 577 sonant
662 546 827 588 plangore
843 545 1014 585 cachinni,

103 590 181 628 post
196 590 303 620 uento
319 592 493 620 crescente
508 588 619 630 magis
635 588 746 630 magis
762 588 1005 621 increbescunt

103 639 346 673 purpureaque
361 631 479 673 procul
495 634 620 663 nantes
635 641 657 663 a
672 631 749 663 luce
764 631 951 673 refulgent,
1049 638 1109 674 275

103 671 153 704 sie
168 673 217 705 ibi
231 673 407 706 uestibulo
423 673 622 716 linquentes
638 674 734 716 regia
749 677 844 707 tecta

103 714 149 746 ad
165 726 202 748 se
217 716 366 758 quisque
382 727 473 758 uago
488 716 619 758 passim
634 717 721 758 pede
738 717 974 750 discedebant.

103 768 250 800 quorum
266 762 344 801 post
359 759 495 791 abitum
511 759 668 801 princeps
685 770 704 792 e
721 759 851 792 uertice
867 759 963 792 Pelei

103 801 249 833 aduenit
266 801 394 834 Chiron
410 805 553 844 portans
569 801 746 834 siluestria
761 803 873 835 dona:
1049 811 1111 844 279

103 854 185 875 nam
195 855 432 887 quoscumque
442 844 559 876 ferunt
565 845 689 886 campi,
699 856 785 887 quos
796 845 966 878 Thessala
973 846 1110 888 magnis

103 886 281 919 montibus
296 897 356 919 ora
371 890 476 926 creat,
495 898 582 929 quos
597 891 736 929 propter
751 888 905 920 fluminis
921 888 1035 921 undas

103 939 190 962 aura
203 929 318 971 aperit
333 930 432 962 flores
448 930 559 972 tepidi
574 930 724 962 fecunda
740 931 888 970 Fauoni,

103 971 166 1003 hos
181 972 396 1004 indistinctis
412 972 532 1014 plexos
548 972 632 1004 tulit
648 973 721 1014 ipse
738 973 885 1012 corollis,

103 1025 172 1056 quo
186 1015 362 1057 permulsa
377 1015 501 1047 domus
515 1015 668 1048 iucundo
683 1016 759 1048 risit
775 1016 888 1049 odore.

103 1057 287 1090 confestim
303 1058 428 1090 Penios
445 1057 556 1097 adest,
575 1058 767 1091 uiridantia
784 1059 925 1101 Tempe,
1050 1060 1111 1102 285

104 1100 245 1142 Tempe,
264 1111 354 1143 quae
370 1100 481 1133 siluae
497 1101 643 1143 cingunt
659 1112 762 1142 super
776 1101 1019 1143 inpendentes,

104 1142 335 1175 Haemonisin
351 1143 514 1185 linquens
530 1143 633 1175 Doris
649 1143 858 1176 celebranda
874 1144 1018 1184 choreis,

103 1195 173 1217 non
189 1196 319 1218 uacuos
333 1199 340 1218 z
366 1196 518 1228 namque
534 1186 593 1218 ille
609 1186 693 1218 tulit
707 1186 876 1219 radicitus
892 1187 983 1219 altas

103 1227 201 1270 fagos
217 1239 258 1261 ac
273 1231 366 1261 recto
383 1239 540 1270 proceras
556 1229 677 1271 stipite
692 1229 823 1268 laurus,

103 1281 173 1302 non
189 1271 264 1303 sine
280 1271 422 1303 nutanti
438 1271 583 1313 platano
599 1272 765 1314 lentaque
782 1282 896 1305 sorore
1049 1281 1113 1313 290

103 1313 276 1346 flammati
292 1313 524 1346 Phaethontis
541 1316 576 1346 et
591 1314 687 1347 aeria
702 1325 876 1356 cupressu.

104 1355 190 1388 haec
205 1356 334 1389 circum
349 1356 448 1389 sedes
465 1357 536 1389 late
552 1359 718 1389 contexta
734 1357 875 1395 locauit,

104 1398 320 1431 uestibulum
336 1402 376 1431 ut
393 1399 491 1431 molli
506 1399 664 1432 uelatum
680 1400 801 1432 fronde
816 1400 955 1432 uireret.

105 1444 183 1483 post
199 1441 292 1474 hunc
306 1442 532 1485 consequitur
547 1442 680 1475 sollerti
695 1442 797 1475 corde
814 1443 1054 1482 Prometheus,

142 1563 200 1591 2⁷0
215 1563 377 1599 procliuit,
394 1572 408 1592 s
422 1572 574 1600 suprascr.
592 1563 629 1599 O,
644 1564 730 1600 procl
735 1565 798 1593 iuis
808 1564 934 1600 Baehr„
947 1565 1111 1600 procliuas

106 1601 144 1637 G,
171 1601 256 1638 uulg.
308 1602 364 1629 273
392 1602 559 1638 leuiterque
581 1602 618 1637 O,
648 1603 760 1631 leuiter
787 1603 824 1638 G,
851 1604 973 1639 lenique
997 1607 1111 1633 sonant

105 1640 279 1669 Froehlich.
322 1641 377 1668 276
393 1644 460 1669 tum
476 1641 503 1669 G
518 1650 670 1678 suprascr.
692 1640 734 1670 (ιζ’
749 1642 814 1676 cibi,
833 1644 867 1670 tn
881 1641 928 1677 (=
939 1641 1054 1678 tamen)
1069 1642 1107 1678 O,

104 1679 150 1708 ibi
158 1679 279 1716 Haupt.
309 1679 459 1708 uestibulo
471 1679 633 1715 Schrader,
648 1680 794 1709 uestibuli
804 1680 843 1709 V.
876 1681 933 1707 280
946 1681 1110 1716 quodcum-

104 1727 162 1754 que
176 1718 214 1747 V.
257 1718 314 1745 282
329 1720 431 1754 aperit
450 1718 624 1754 Housman,
641 1728 724 1747 αῑινα
740 1720 825 1755 perit
843 1719 871 1748 O
888 1718 1011 1755 (uulg.),
1027 1729 1112 1749 aura

100 1757 193 1793 parit
214 1756 242 1785 G
263 1755 330 1792 (sed
350 1757 383 1784 in
402 1756 532 1792 rasura),
560 1767 644 1786 αανα
660 1759 745 1793 perit
765 1757 886 1794 aliquot
912 1758 1001 1786 codd.
1053 1759 1112 1787 287

105 1795 315 1824 Haemon‘isz'n
336 1795 458 1829 Heius„
484 1796 639 1825 BIz'nosz'm.
659 1796 698 1831 V,
725 1797 869 1825 Naiasz'n
892 1796 1026 1833 Haupt„
1049 1797 1112 1827 alia

105 1833 168 1862 alii.
204 1834 309 1862 Doris.
345 1834 439 1863 duris
449 1834 567 1871 Madv„
584 1835 697 1864 crebris
710 1835 803 1864 Lach.
837 1835 894 1863 288
904 1844 967 1864 non
977 1835 1112 1873 ac(c)uos

105 1872 148 1909 V,
163 1881 240 1901 corr.
259 1872 424 1902 Guarinus.
