1388 2078
324 153 382 186 CA
387 152 556 185 RMJNA
594 152 637 185 X
635 152 678 184 X
676 152 719 184 X
723 152 777 186 VI
774 152 858 184 —X
857 151 939 184 XX
936 151 959 183 I
959 151 1001 183 X
1127 152 1169 183 23

143 231 284 275 Egnati,
303 242 413 274 opaca
428 243 533 275 quem
550 232 682 265 bonum
695 232 783 266 facit
798 232 909 266 barba

139 278 178 307 et
193 274 280 308 dens
297 275 432 308 Hibera
447 275 639 308 defricatus
655 276 769 309 urina.
1124 287 1166 309 20

554 369 760 402 XXXVIII

141 427 287 468 Malest,
306 427 483 467 Cornifici,
501 430 565 460 tuo
581 428 736 467 Catullo,

141 471 281 510 malest,
298 482 356 504 me
370 471 524 509 hercule,
543 474 590 510 et,
608 472 650 509 ei,
669 471 853 511 laboriose,

141 517 178 546 et
193 514 307 556 magis
322 514 436 556 magis
452 514 489 546 in
506 514 580 546 (lies
597 518 633 546 et
648 514 762 546 horas.

141 567 248 599 quern
264 560 315 595 tu,
335 557 430 599 quod
445 557 633 589 minimum
650 557 979 600 facillimumquest,

141 610 213 642 qua
226 599 361 632 solatus
378 611 415 632 es
430 600 679 632 adlocutione?
1149 608 1167 643 5

141 642 273 675 irascor
287 643 363 675 tibi.
413 643 463 675 sic
478 653 574 675 meos
591 653 726 675 amores
740 646 752 675 ‘2

141 685 289 728 paulum
305 685 391 728 quid
407 686 507 718 lubet
523 686 771 726 adlocutionis,

141 728 313 761 maestius
329 729 484 761 lacrimis
502 728 726 761 Simonideis.

573 822 739 858 XXXIX

142 881 329 924 Egnatius,
349 881 444 924 quod
459 881 628 914 candidos
644 881 753 913 habet
769 881 905 920 dentes,

140 925 279 957 renidet
294 935 408 967 usque
423 935 575 967 quaque.
624 925 675 956 sei
691 924 737 956 ad
753 924 803 956 rei
819 926 1004 957 uenturnst

141 967 361 1007 subsellium,
381 978 462 1000 cum
478 971 594 1000 orator
610 967 744 1000 excitat
760 967 895 1006 fletum,

141 1010 279 1043 renidet
295 1011 365 1043 isse.
414 1010 465 1043 sei
481 1011 526 1043 ad
543 1010 592 1052 pii
608 1021 732 1052 rogum
748 1010 800 1042 fili

140 1053 295 1096 lugetur,
315 1053 400 1086 orba
416 1064 495 1085 cuin
511 1053 572 1085 flet
589 1053 734 1086 unicum
750 1056 875 1091 mater,
1148 1062 1165 1095 5

140 1096 278 1129 renidet
294 1096 364 1129 ille.
414 1096 589 1138 quidquid
605 1099 669 1134 est,
688 1096 948 1137 ubioumquest,

142 1139 390 1182 quodcumque
405 1139 492 1181 agit,
512 1139 660 1171 renidet.
709 1138 803 1170 hunc
820 1138 929 1170 habet
944 1139 1119 1178 morbum,

141 1192 257 1224 neque
273 1182 484 1225 elegantem,
504 1185 544 1213 ut
560 1182 721 1219 arbitror,
741 1192 856 1223 neque
872 1181 1059 1214 urbanum.

141 1235 251 1267 quare
266 1225 483 1257 monendum
500 1228 568 1257 test
585 1224 683 1262 mihi,
702 1224 793 1256 bone
811 1224 953 1265 Egnati.

141 1268 172 1300 si
187 1268 345 1300 urbanus
362 1279 455 1300 esses
471 1271 535 1299 aut
552 1267 705 1299 Sabinus
722 1271 785 1299 aut
802 1267 929 1299 Tiburs
1129 1277 1167 1300 10

141 1313 207 1343 aut
222 1322 346 1352 porcus
363 1310 495 1343 Vmber
510 1314 573 1342 aut
590 1310 716 1342 obesus
734 1310 905 1342 Etruscus

141 1356 206 1386 aut
222 1353 432 1386 Lanuuinus
449 1356 526 1385 ater
541 1356 650 1395 atque
667 1353 836 1385 dentatus

142 1400 207 1429 aut
226 1396 513 1438 Transpadanus,
531 1400 572 1427 ut
589 1406 684 1428 meos
702 1406 842 1437 quoque
858 1395 1047 1438 attingam,

142 1442 206 1472 aut
222 1439 394 1481 quilubet,
414 1439 476 1481 qui
491 1439 625 1481 puriter
640 1439 730 1470 lauit
747 1438 882 1477 dentes,

143 1485 264 1514 tamen
281 1481 441 1515 renidere
457 1492 569 1524 usque
585 1492 728 1524 quaque
744 1485 781 1513 te
796 1481 947 1514 nollem:
1127 1489 1163 1524 15

180 1591 341 1620 XXXVIII
361 1592 379 1619 1
400 1592 447 1621 M.
466 1595 509 1621 est
530 1593 559 1621 si
571 1592 612 1621 V.
655 1592 673 1619 2
694 1593 776 1621 male
795 1593 872 1621 sime
892 1592 923 1621 h.
940 1592 980 1621 V.
1026 1595 1063 1628 et,
1081 1595 1118 1629 ei,
1141 1595 1162 1623 Z.

142 1641 210 1666 nos,
228 1634 256 1660 et
273 1631 294 1660 l.
311 1631 352 1666 V,
370 1631 459 1666 Ellis,
478 1632 508 1660 ἔί
522 1634 550 1660 et
561 1630 654 1660 Lach.
673 1635 701 1659 ct
716 1641 735 1659 α
750 1631 865 1660 Baehr.
883 1635 912 1660 ct
932 1635 975 1660 est
997 1631 1099 1668 sung,
1121 1633 1161 1662 al.

142 1669 272 1697 XXXIX
285 1671 303 1697 2
317 1678 371 1699 scu
386 1670 424 1699 G.
457 1670 474 1697 3
488 1671 602 1699 excitat
616 1673 724 1699 orator
737 1670 777 1705 V,
796 1680 873 1699 corr.
891 1670 1011 1699 Auant.
1044 1672 1064 1697 4
1077 1672 1106 1699 εί
1120 1671 1160 1701 V.

140 1710 192 1746 pii
212 1707 255 1737 αἶ’
274 1710 370 1745 impii
391 1709 428 1743 G,
447 1710 532 1744 inpii
553 1709 590 1738 O.
632 1718 741 1744 ‘rcyzcm
755 1709 823 1744 fissi
840 1709 876 1738 V.
921 1710 938 1736 9
959 1712 1002 1737 (ππ
1017 1709 1056 1744 V,
1075 1713 1102 1738 te
1123 1714 1166 1740 est

144 1747 289 1784 Spengel,
306 1751 349 1777 est
364 1751 391 1776 te
404 1748 543 1783 Maehly.
587 1748 624 1774 11
635 1757 754 1783 parcns
766 1748 804 1783 V,
819 1748 953 1783 pinquis
968 1747 1069 1777 Gloss.
1086 1749 1161 1779 Va‘r..

144 1786 210 1815 Mai
224 1786 319 1815 Auct.
337 1786 437 1815 Class.
456 1787 482 1822 7,
500 1787 557 1817 574
575 1786 718 1823 ‘pinguis
732 1796 857 1822 grass-us
878 1796 952 1815 nam
967 1787 1078 1815 obesus
1092 1788 1165 1825 plus

143 1827 193 1854 est
214 1834 310 1862 quam
329 1825 464 1862 pinguis.
509 1825 656 1854 Catullus
679 1826 725 1854 ait
746 1827 815 1854 Aut
842 1827 972 1861 pinquis
992 1826 1088 1855 ultera
1107 1831 1164 1857 (ιῑιί

141 1864 247 1894 obe-sus
260 1867 288 1894 et
297 1873 429 1901 prossus
442 1862 448 1875 ’
463 1864 521 1901 (ita
536 1864 624 1893 codd.
632 1864 650 1900 ),
669 1874 747 1894 corr.
766 1864 914 1901 Scaliger.
