1388 2078
455 178 689 212 CARMINA
722 178 820 211 LXI
1097 180 1138 211 35

294 263 334 286 ac
351 252 495 285 domum
511 252 691 284 dominam
705 263 796 285 uoca

293 295 453 338 coniugis
469 295 635 338 cupidam
650 295 747 334 noui,

295 341 453 371 mentem
467 348 586 370 amore
601 338 811 378 reuinciens,

295 384 338 414 ut
352 383 463 413 tenax
478 381 583 414 edera
597 381 666 413 huc
684 384 720 413 et
735 381 806 413 huc

336 424 497 457 arborem
510 423 659 466 inplicat
674 434 806 457 errans.
1105 431 1145 466 35

294 517 429 550 uosque
444 507 532 540 item
547 507 665 546 simul,
683 507 845 550 integrae

294 550 462 593 uirgines,
482 550 611 593 quibus
628 550 777 583 aduenit

297 604 362 636 par
376 593 463 633 dies,
481 593 577 636 agite
593 593 630 625 in
645 593 790 625 modum

298 636 405 669 dicite
425 639 432 653 ‘
444 647 464 668 o
480 636 688 678 Hymenaee
704 636 859 678 Hymen,

338 689 359 712 0
373 679 517 722 Hymen
533 679 764 722 Hymenaee‚’
1105 688 1149 720 40

296 765 338 795 ut
353 762 545 801 lubentius,
564 762 714 796 audiens

298 816 335 838 se
352 805 492 838 citarier
507 805 553 838 ad
569 816 671 838 suom

298 859 438 887 munus,
457 848 527 880 huc
542 849 681 880 aditum
696 848 789 881 ferat

297 892 371 924 dux
387 891 500 923 bonae
516 891 675 929 Veneris,
694 891 778 924 boni

340 934 549 975 coniugator
564 934 703 966 amoris.
1106 942 1148 976 45
1178 948 1181 951 ·

298 993 379 1036 quis
395 993 483 1025 deus
499 993 612 1035 magis
630 996 684 1026 est
699 1003 795 1026 ama-

298 1037 345 1068 tis
361 1036 535 1078 petendus
552 1036 756 1068 amantibus
770 1039 783 1068 ’ἓ

297 1090 403 1121 quem
419 1079 534 1111 colent
550 1079 710 1111 homines
726 1078 839 1119 magis

299 1121 491 1154 caelitum?
514 1132 534 1154 o
551 1121 758 1163 Hymenaee
775 1122 929 1164 Hymen,

341 1175 362 1196 o
378 1164 522 1206 Hymen
538 1164 756 1206 Hymenaee.
1108 1172 1151 1207 50

299 1240 336 1270 te
351 1238 425 1270 suis
440 1238 613 1270 tremulus
629 1249 756 1286 parens

298 1281 454 1319 inuocat,
473 1281 540 1313 tibi
555 1281 711 1323 uirgines

299 1323 427 1356 zonula
442 1323 583 1356 soluont
599 1324 709 1363 sinus,

299 1368 336 1399 te
352 1366 481 1399 timens
496 1366 624 1408 cupida
640 1377 751 1399 nouos

341 1411 462 1451 captat
478 1420 563 1441 aure
579 1409 738 1442 maritus.
1110 1417 1149 1452 55

298 1486 340 1515 tu
355 1483 428 1516 fero
443 1483 567 1516 iuueni
582 1484 620 1516 in
635 1495 763 1517 manus

298 1526 459 1558 floridam
474 1527 547 1569 ipse
563 1527 758 1568 puellulam

301 1569 401 1601 dedis
418 1580 439 1601 a
454 1569 586 1611 gremio
603 1581 688 1602 suae

301 1611 436 1650 matris,
455 1622 474 1643 ο
491 1612 698 1645 vaenaee
716 1613 869 1655 Hymen,

342 1665 361 1687 o
376 1654 418 1686 H
414 1665 516 1697 ymen
529 1647 748 1698 Hymenaee.
1108 1658 1150 1689 60

169 1764 206 1792 32
220 1764 347 1799 coniugi
360 1763 510 1794 Pleibner.
553 1766 592 1792 40
605 1766 719 1801 hymen
732 1766 766 1794 in
780 1766 842 1795 fine
856 1775 966 1795 uersus
981 1766 1052 1796 add.
1067 1767 1098 1795 V
1112 1770 1150 1796 ub

131 1803 164 1831 in
178 1812 232 1832 uu.
250 1803 277 1838 5,
294 1803 340 1831 50.
383 1804 431 1839 46,
448 1805 486 1831 47
500 1805 601 1839 mauis
621 1806 737 1833 conatis
755 1803 758 1840 Ι
777 1808 820 1833 est
830 1815 863 1841 p.
880 1805 920 1841 V,
938 1815 1015 1834 corr.
1032 1806 1146 1842 Bergk.

130 1851 170 1870 m.
188 1843 298 1871 anxiis
312 1842 434 1878 Haupt,
450 1851 538 1878 magle
560 1845 678 1872 mutuis
698 1844 849 1874 Pleitner.
891 1846 965 1881 posss
978 1845 1016 1873 40
1029 1845 1060 1874 V
1074 1845 1146 1876 add.

131 1889 162 1909 u.
180 1881 226 1910 65.
270 1881 309 1908 54
322 1883 590 1910 nouos—maritos
603 1882 643 1912 V.
