1388 2078
229 167 271 199 38

231 336 288 372 125

230 847 287 882 135

229 1107 288 1138 140

228 1362 285 1396 145

482 171 518 204 0.
557 170 750 204 VALERI
778 171 998 207 CATVLLI

396 244 458 283 ite,
477 244 651 277 concinite
666 245 703 277 in
720 246 865 278 moduni

401 287 458 320 ‘io
474 287 617 329 Hymen
634 288 841 329 Hymenaee
857 289 902 330 io,

439 330 475 363 io
490 330 634 373 Hymen
651 331 883 374 Hymenaee.'

397 428 442 451 ne
458 418 520 450 diu
536 421 655 451 taceat
669 429 800 461 procax

399 461 619 494 Fescennina
635 462 775 501 iocatio,

398 515 463 536 nec
478 515 584 537 nuces
601 505 718 546 pueris
735 507 840 546 neget

397 546 576 579 desertum
592 547 726 579 domini
741 548 890 581 audiens

439 590 656 623 concubinus
672 601 837 623 amorem.

398 668 445 702 da
459 679 567 701 nuces
581 669 709 712 pliciis,
727 669 822 703 iners

396 712 612 745 concubine:
637 712 725 745 satis
742 713 805 745 diu

395 754 515 787 lusisti
530 755 679 787 nucibus
695 769 701 788 :
727 755 828 788 lubet

396 797 469 830 iam
484 798 615 830 seruire
631 798 782 830 Talasio.

440 840 644 880 concubine,
663 851 770 874 nuces
787 840 843 874 da.

395 926 586 960 sordebant
601 927 667 959 tibi
683 927 823 966 uilicae,

396 970 600 1009 concubine,
618 970 722 1002 hodie
738 973 847 1012 atque
862 970 965 1005 heri:

395 1023 491 1044 nunc
507 1015 607 1044 tuom
623 1013 815 1045 cinerarius

394 1055 520 1088 tondet
535 1066 582 1088 os.
631 1055 737 1088 misci
752 1066 774 1088 a
788 1055 895 1088 miser

438 1098 643 1138 concubine,
662 1109 769 1131 nuces
786 1098 842 1131 da.

395 1184 520 1217 diceris
532 1184 626 1217 male
641 1186 677 1217 te
693 1195 715 1217 a
730 1185 803 1217 tuis

394 1230 616 1269 unguentate
631 1228 774 1268 glabris,
794 1227 931 1268 marite,

397 1270 574 1302 abstinere
590 1284 597 1302 :
623 1270 684 1302 sed
700 1270 849 1302 abstine.

393 1312 428 1344 io
445 1312 587 1354 Hymen
605 1313 811 1354 Hymenaee
826 1313 872 1353 io,

437 1356 472 1387 io
487 1355 627 1397 Hymen
642 1356 852 1398 Hymenaee.

393 1434 522 1466 seimus
537 1434 625 1466 haec
641 1434 707 1466 tibi
724 1445 815 1477 quae
831 1435 941 1468 licent

392 1477 468 1509 sola
483 1477 644 1519 cognita:
669 1477 729 1509 sed
747 1478 874 1510 marito

392 1519 463 1552 ista
478 1530 548 1551 non
564 1520 688 1552 eadem
704 1520 823 1553 licent.

1187 300 1248 323 120

1189 557 1246 592 125

1189 811 1248 843 130

1187 1065 1246 1101 135

1185 1325 1245 1357 140

260 1639 318 1666 120
338 1639 370 1668 io
389 1638 423 1668 in
445 1639 505 1668 hoo
525 1640 558 1668 et
578 1640 783 1677 sequentibus
800 1650 854 1670 uu.
871 1640 920 1670 bis
949 1641 982 1668 et
1012 1640 1132 1672 uiciens
1160 1643 1196 1673 in
1222 1653 1240 1674 ο

221 1679 385 1707 mutatum
399 1680 447 1707 est
461 1678 500 1707 ab
514 1678 584 1707 edd.
602 1688 701 1715 paone
716 1680 869 1715 omnibus,
887 1680 1106 1716 ignorantibus
1119 1682 1240 1714 scilicet

221 1717 357 1753 primam
366 1717 508 1746 litteram
522 1718 586 1746 uim
602 1719 804 1747 consonantis
818 1719 933 1748 habere
945 1718 994 1755 (ut
1005 1729 1055 1757 ap.
1069 1721 1164 1751 Mart.
1177 1722 1237 1752 XI.

221 1755 281 1790 25),

311 1756 394 1784 sicut
420 1758 453 1784 eb
479 1756 644 1785 Dawesius
671 1756 716 1791 (in
745 1757 831 1786 Uise.
864 1758 958 1793 Orat)
986 1759 1063 1787 olim
1084 1762 1117 1788 et
1138 1770 1240 1798 nuper

221 1795 337 1823 Munro
358 1795 543 1824 docuerunt
587 1796 642 1822 121
664 1805 724 1824 om.
744 1796 778 1824 O.
826 1805 854 1824 zo
869 1797 901 1825 in
916 1796 977 1825 fine
994 1807 1104 1827 uersus
1119 1799 1192 1828 add.
1210 1800 1240 1829 G·

222 1835 255 1861 et
276 1833 326 1861 hic
347 1835 380 1861 eb
401 1833 434 1861 in
454 1843 508 1862 uu.
526 1834 592 1870 146,
610 1834 676 1869 156,
692 1835 756 1869 1121,
775 1835 839 1863 1456.

221 1872 336 1902 becacio
352 1872 389 1908 O,
406 1873 515 1903 Ζοίαίίο
531 1873 569 1910 G,
586 1882 662 1903 corr.
681 1873 791 1903 Heius.

884 1836 940 1862 122
956 1838 1085 1866 taceatis
1098 1837 1139 1868 V.
1181 1839 1239 1868 123

835 1874 891 1902 141
906 1874 1011 1906 om.V.
