1388 2078
245 131 287 163 48
501 130 535 163 0.
573 128 766 163 VALERI
794 127 1010 162 CATVLLI

1174 180 1252 188 -——⁴

247 202 302 235 fae
317 203 371 234 111ῑῖ
384 201 511 234 furoris
527 202 600 234 ictu
617 201 770 233 reditum
785 201 822 233 in
839 211 983 233 nemora
997 200 1100 240 ferat,

246 255 325 278 inea
340 245 446 277 libere
463 244 566 276 nimis
584 244 645 286 qui
660 244 780 286 fugere
794 244 942 286 imperia
957 243 1064 286 eupit.
1217 244 1258 275 80

245 298 311 330 age
325 288 431 320 caede
447 290 546 329 terga
561 287 685 325 cauda,
705 290 768 318 tua
784 287 930 318 uerbera
946 289 1077 328 patere,

243 330 317 363 face
333 333 459 362 cuncta
475 330 647 372 mugienti
662 329 806 361 fremitu
820 329 898 361 loca
912 331 1086 368 retonent,

243 374 389 405 rutilam
404 373 501 405 ferox
517 376 634 404 torosa
649 372 783 404 ceruice
799 374 907 414 quate
922 371 1067 404 iubam.'

244 416 296 448 ait
311 416 397 448 haee
413 416 534 447 minax
551 415 693 455 Cybebe
709 414 905 457 religatque
919 414 1004 456 iuga
1018 424 1137 446 manu.

243 459 337 490 ferus
354 458 427 500 ipse
444 469 518 490 sese
535 458 726 490 adhortans
743 457 905 499 rapidum
921 457 1048 489 incitat
1060 457 1189 496 animo,
1217 456 1256 498 85

243 501 356 539 uadit,
375 501 503 539 fremit,
522 500 683 542 refringit
698 500 856 542 uirgulta
871 500 958 542 pede
974 510 1076 542 uago.

243 546 283 576 at
297 543 359 575 ubi
374 543 494 576 umida
510 543 697 576 albicantis
713 543 790 575 loca
804 542 916 574 litoris
934 542 1035 582 adiit,

243 590 474 628 tenerumque
489 586 581 618 uidit
598 586 703 618 Attin
718 596 825 628 prope
840 595 1014 618 marmora
1030 584 1157 627 pelagi,

242 628 330 661 facit
345 629 517 670 impetum
530 642 537 661 ε
562 629 621 661 1116
637 628 780 660 demens
796 628 888 670 fugit
903 628 940 660 in
958 638 1100 660 nemora
1115 628 1207 660 fera:

243 671 293 704 ibi
308 682 444 713 semper
459 682 561 703 omne
578 671 674 703 uitae
691 671 845 714 spatium
861 670 997 703 famula
1012 670 1090 702 fuit.
1216 680 1258 711 90

243 714 311 746 dea
325 725 464 756 magna,
484 714 550 746 dea
566 714 718 755 Cybebe,
737 713 804 746 dea
819 713 962 745 domina
978 712 1182 755 Dindymei,

242 757 362 799 procul
378 768 399 788 a
414 767 493 789 mea
509 759 588 789 tuos
603 757 649 788 sit
665 756 762 788 furor
777 756 901 795 01111116,
920 766 990 796 era,
1009 755 1112 789 domo
1126 769 1135 789 ;

242 799 330 832 alios
347 809 412 841 age
428 799 606 839 1116116105,
623 799 712 832 alios
729 809 794 842 age
809 798 960 832 rabidos.

685 924 806 958 LXIV

243 984 384 1017 Peliaco
400 983 579 1027 quondam
594 986 788 1026 prognatae
803 983 935 1016 uertice
951 982 1055 1026 pinus

242 1028 409 1060 (licuntur
425 1027 577 1069 liquidas
595 1026 754 1068 Neptuni
770 1036 872 1058 nasse
889 1037 950 1068 per
964 1025 1079 1059 undas

243 1070 414 1102 Phasidos
431 1070 475 1102 ad
492 1070 620 1101 fluetus
637 1072 672 1101 et
689 1069 775 1101 fines
791 1069 955 1108 Aeeteos,

243 1124 322 1145 611111
340 1113 421 1145 16611
436 1113 594 1151 iuuenes,
615 1111 772 1153 Argiuae
788 1111 911 1144 robora
927 1111 1042 1153 pubis,

242 1158 405 1188 auratam
421 1158 584 1197 optantes
603 1154 742 1187 Colchis
759 1157 919 1186 auertere
934 1153 1063 1196 pellem
1240 1160 1258 1195 5

241 1198 320 1230 ausi
335 1200 419 1230 sunt
434 1198 529 1230 uada
545 1197 640 1230 salsa
655 1197 727 1229 cita
742 1196 924 1229 decurrere
939 1196 1059 1239 puppi,

241 1241 382 1273 caerula
397 1243 578 1273 uei-rentes
593 1239 752 1282 abiegnis
767 1250 922 1288 aequora
937 1238 1075 1281 palmis.

241 1283 327 1316 diua
342 1283 470 1325 quibus
486 1283 641 1315 retinens
657 1283 693 1314 in
709 1293 856 1314 summis
871 1282 1018 1314 urbibus
1033 1291 1129 1314 arces

241 1326 318 1367 ipsa
334 1325 405 1357 leui
420 1325 504 1358 feeit
519 1325 730 1357 uolitantem
746 1324 889 1357 flamine
904 1335 1055 1364 6111111111,

241 1368 347 1410 pinea
361 1368 576 1410 coniungens
593 1367 745 1400 inflexae
760 1370 862 1399 texta
878 1367 1026 1399 carinae.
1220 1375 1258 1399 10

240 1410 304 1443 illa
319 1410 441 1442 rudem
459 1422 563 1443 eursu
579 1421 681 1452 prora
696 1410 826 1442 imbuit
841 1409 1095 1451 Amphitriten.

242 1463 333 1496 quae
348 1453 455 1486 simul
472 1464 513 1486 ac
529 1456 640 1485 rostro
656 1455 845 1485 uentosum
860 1451 1026 1494 proscidit
1041 1461 1182 1494 aequor,

279 1561 317 1590 ‘19
331 1561 379 1590 uti
393 1559 500 1595 Lach„
516 1562 551 1588 ut
564 1559 596 1588 V
608 1568 617 1594 ;
637 1558 711 1594 vif.
725 1559 807 1588 ictus
816 1557 930 1587 Baehr.
973 1557 1012 1584 82
1019 1555 1092 1593 face
1101 1567 1131 1593 ω,
1142 1555 1199 1592 fac
1212 1556 1253 1586 V.

240 1599 279 1627 85
291 1600 440 1628 rabidum
453 1599 531 1627 coni.
548 1597 706 1627 Schwabe.
737 1598 881 1626 animum
892 1610 924 1626 ω.
954 1596 992 1623 88
1007 1599 1145 1625 teneram
1159 1595 1254 1625 Lach.

241 1638 327 1674 uulg.
362 1639 399 1666 89
414 1638 471 1666 illa
486 1637 577 1665 idem.
615 1637 651 1664 91
666 1637 822 1664 dindime&
835 1635 875 1664 V.
911 1635 1046 1670 Didymi
1056 1635 1115 1663 dea
1127 1635 1258 1663 domina

242 1677 323 1707 Scal.
365 1677 403 1704 92
423 1680 477 1705 11ιο
496 1676 536 1705 V.
579 1676 617 1702 93
637 1676 767 1711 rapidos
787 1674 827 1704 V.
870 1673 964 1701 LXIV
985 1674 1003 1700 3
1024 1673 1192 1702 Αεαειαεοε
1211 1672 1252 1702 al.

240 1716 279 1742 11
298 1716 439 1752 primam
460 1715 497 1750 G,
520 1717 588 1750 post
610 1723 677 1742 (am
699 1714 725 1741 O
749 1713 816 1750 (per
836 1712 1058 1749 compendium
1077 1710 1253 1748 scriptum),

239 1753 340 1783 adscr.
366 1754 399 1782 in
419 1753 559 1789 margine
577 1762 716 1789 proram.
737 1752 770 1780 in
790 1751 963 1788 archetypo
984 1751 1091 1779 fuerat
1106 1759 1256 1786 praeeam

240 1792 460 1829 compendiose
475 1792 637 1828 scriptum,
655 1790 770 1819 similia
784 1791 893 1827 peccat
908 1790 935 1819 Ο
949 1799 1002 1818 1111.
1020 1789 1086 1824 145,
1104 1789 1170 1823 153,
1187 1788 1263 1818 194.-

238 1840 338 1867 prora
358 1840 424 1868 nos,
438 1840 569 1868 proram
583 1830 671 1867 Ellis,
685 1830 794 1867 prima
807 1829 894 1866 uulg.
936 1828 1132 1866 Amphitrite
1144 1827 1234 1858 Ellis.
