1388 2078
253 186 295 217 58
507 182 542 216 0.
580 181 640 215 VA
647 181 712 214 LE
715 181 772 214 ΕΙ
798 181 855 215 CA
863 181 1014 216 TVLLI

253 259 448 291 extenuata
462 266 585 299 gerens
601 255 730 288 ueteris
745 255 898 298 uestigia
912 266 1055 299 poenae,
1200 264 1260 300 295

253 311 361 343 quam
377 299 554 342 quondam
571 298 736 341 Scythica
747 299 926 331 restrictus
941 299 1099 333 membra
1112 302 1239 334 catena

253 342 422 385 persoluit
437 341 592 384 pendens
608 352 627 374 e
643 341 833 374 uerticibus
848 342 1054 384 praeruptis.

252 385 336 418 inde
351 388 452 427 pater
466 385 586 417 diuom
601 387 725 417 sancta
739 395 820 416 cum
835 384 937 417 coniu
962 395 981 417 e
995 385 1159 428 natisque

253 427 411 467 aduenit,
429 427 527 460 caelo
542 430 578 460 te
594 427 719 466 solum,
738 427 889 466 Phoebe,
907 438 943 459 re
958 427 1108 470 inquens

252 471 514 512 unigenamque
528 470 635 503 simul
649 469 830 502 cultricem
844 470 1023 503 montibus
1041 470 1134 504 Idn':
1200 480 1264 512 300

253 513 361 546 Pelea
376 524 458 545 nam
474 517 591 545 tecum
606 512 737 555 pariter
751 523 846 544 soror
861 516 1083 555 aspernatast

253 566 316 589 nec
333 556 493 588 Thetidis
511 556 634 588 taedas
650 555 765 587 uoluit
781 555 954 588 celebrare
968 555 1108 598 iugalis.

253 598 316 641 qui
332 602 410 641 post
436 609 520 630 uam
535 598 648 630 niueis
664 598 838 630 flexerunt
853 598 994 631 sedibus
1010 602 1119 637 artus,

252 640 350 683 large
365 652 425 673 mu
441 641 553 684 tiplici
569 643 790 673 constructae
804 644 888 673 sunt
903 641 993 683 dape
1008 651 1161 681 mensae,

253 694 334 716 cum
350 684 486 716 interea
501 683 638 716 infirmo
653 683 854 726 quatientes
870 693 1013 726 corpora
1027 687 1126 716 motu
1198 691 1259 726 305

252 727 424 759 ueridicos
442 727 573 759 Parcae
588 729 776 768 coeperunt
791 726 893 758 edere
908 729 1043 758 cantus.

252 769 308 801 his
324 780 446 811 corpus
462 769 654 801 tremulum
668 769 889 811 conplectens
903 769 1061 811 undique
1075 769 1186 802 uestis

253 812 405 845 candida
420 822 596 854 purpurea
610 811 701 844 talos
717 811 916 844 incinxerat
931 822 1001 851 ora,

253 857 292 888 at
307 865 403 887 roseo
419 855 544 887 niueae
559 854 760 887 residebant
774 854 906 886 uertice
920 854 1045 893 uittae,

253 900 506 939 aeternumque
522 908 647 929 manus
664 896 853 939 carpebant
868 897 936 929 rite
951 897 1116 930 laborem.
1198 906 1262 939 310

253 940 359 972 laeua
374 940 488 972 colum
505 940 603 972 molli
619 940 702 972 lana
717 939 892 971 retinebat
907 939 1087 979 amictum,

253 983 401 1015 dextera
416 986 492 1015 tum
508 983 635 1014 leuiter
650 982 825 1014 deducens
841 982 903 1014 fila
917 982 1052 1024 supinis

252 1025 429 1058 formabat
445 1025 576 1067 digitis,
595 1028 671 1057 tlun
688 1035 794 1067 prono
810 1025 847 1056 in
862 1025 986 1067 pollice
1002 1028 1168 1067 torquens

252 1068 422 1101 libratum
437 1068 541 1100 tereti
557 1067 722 1100 uersabat
737 1067 878 1099 turbine
892 1067 1022 1106 fusum,

253 1114 362 1153 atque
374 1111 426 1143 ita
440 1111 627 1152 decerpens
638 1110 816 1152 aequabat
831 1120 967 1152 semper
982 1121 1068 1152 opus
1084 1110 1182 1151 dens,
1200 1118 1262 1153 315

251 1153 427 1196 laneaque
443 1153 589 1186 aridulis
605 1152 798 1185 haerebant
813 1163 928 1185 morsa
942 1153 1093 1193 labellis,

253 1206 346 1239 quae
360 1196 457 1239 prius
472 1196 509 1228 in
525 1195 597 1228 leui
612 1195 754 1228 fuerant
769 1195 931 1228 extantia
945 1195 1004 1228 filo
1019 1209 1026 1228 :

253 1241 337 1272 ante
352 1239 458 1281 pedes
475 1242 595 1271 autem
611 1238 793 1270 candentis
808 1237 931 1270 mollia
945 1238 1050 1271 lanae

252 1281 387 1314 uellera
401 1281 469 1313 uir,
481 1281 532 1313 ati
547 1280 772 1313 custodibant
788 1280 979 1313 calathisci.

251 1323 341 1357 haec
356 1326 433 1356 tum
449 1335 466 1356 c
484 1324 624 1356 arisona
638 1323 809 1366 pellentes
825 1323 959 1356 uellera
973 1333 1060 1356 uoce
1202 1332 1265 1365 320

252 1366 342 1399 talia
357 1366 478 1399 diuino
493 1366 661 1398 fuderunt
676 1365 829 1398 carmine
844 1365 931 1405 fata,

252 1409 418 1448 carmine,
436 1409 602 1451 perfidiae
618 1408 712 1451 quod
727 1411 806 1450 post
821 1408 922 1440 nulla
936 1410 1060 1449 arguet
1075 1410 1185 1441 aetas.

255 1470 266 1485 ‘
277 1467 306 1501 Ο
323 1467 429 1499 decus
445 1467 615 1499 eximium
630 1466 767 1508 magnis
783 1466 976 1498 uirtutibus
991 1477 1135 1508 augens,

253 1509 443 1543 Emathiae
459 1512 621 1541 tutamen
638 1509 724 1551 opis,
743 1509 934 1541 clarissime
949 1512 1045 1548 nato,

254 1553 382 1595 accipe,
402 1552 495 1594 quod
511 1552 606 1584 laeta
620 1551 687 1584 tibi
702 1551 864 1594 pandunt
878 1551 956 1583 luce
971 1561 1113 1591 sorores,
1203 1559 1263 1594 325

253 1594 448 1628 ueridicum
464 1594 627 1627 oraclum.
675 1594 737 1626 sed
751 1604 826 1632 uOS,
845 1604 935 1636 quae
951 1593 1027 1626 fata
1041 1596 1218 1634 secuntur,

295 1638 424 1671 currite
440 1637 608 1670 ducentes
624 1636 859 1678 subtegmina,
877 1636 1016 1676 currite,
1033 1636 1114 1669 fusi.

292 1725 348 1752 296
363 1724 509 1760 Scythica
519 1723 621 1758 Riese,
634 1724 719 1752 silici
726 1723 766 1760 V,
780 1723 849 1753 edd.
862 1723 1013 1761 complur.
1037 1724 1094 1751 298
1101 1725 1265 1760 ymtisque

253 1762 294 1792 V.
338 1764 394 1790 300
414 1763 489 1799 gtdri
508 1763 548 1798 V,
565 1763 639 1791 Idri
652 1762 757 1798 Voss„
774 1763 827 1791 Im·
846 1762 934 1797 Ellis,
958 1763 1039 1792 Iscri
1058 1762 1170 1792 Baehr.
1207 1763 1266 1790 304

254 1805 329 1831 sunt
337 1805 508 1830 exstructae
517 1801 629 1830 Baehr.
647 1801 703 1828 309
713 1804 746 1829 αι
758 1810 842 1830 roseo
851 1802 942 1830 niuee
951 1801 990 1837 V,
1003 1811 1079 1830 corr.
1094 1801 1261 1837 Guarinus,

253 1849 372 1869 annoso
382 1840 522 1869 Sohulze.
552 1841 609 1867 320
623 1840 766 1869 uellentes
775 1840 948 1870 Fruterius.
978 1841 1034 1868 322
1045 1841 1153 1877 aryait
1167 1840 1262 1870 Lach.

253 1879 311 1908 326
323 1888 380 1908 uos
393 1888 468 1916 quos
482 1879 560 1908 coni.
579 1878 738 1908 Schwabe.
