1388 2078
437 135 495 169 CA
501 135 579 168 RM
576 134 601 167 I
598 135 640 167 N
637 135 669 168 A
703 134 777 167 LX
782 134 836 168 VI
1102 137 1143 168 65

127 210 190 243 sed
205 220 422 253 quamquam
438 219 495 241 me
510 211 612 241 nocte
628 211 793 251 premunt
808 208 961 251 uestigia
977 208 1109 247 diuom,

170 253 235 285 lux
251 256 372 285 autem
389 262 498 284 canae
515 251 645 293 Tethyu
660 251 829 290 restituit,
1103 260 1143 292 70

128 305 214 339 pace
229 298 294 328 tua
309 295 376 327 fari
391 295 448 327 hic
464 295 580 333 liceat,
599 294 822 326 Rhamnusia
838 294 950 336 uirgo,

171 349 325 380 namque
341 348 404 379 ego
420 348 490 369 non
505 337 579 369 ullo
594 347 680 369 uera
694 337 819 369 timore
836 340 966 379 tegam,

128 391 193 414 1100
208 381 239 413 si
253 391 310 413 me
325 380 464 413 infestis
481 380 680 422 discerpent
695 379 811 412 sidera
827 380 941 420 dictis,

171 423 314 456 condita
329 423 416 466 quin
432 423 528 455 nerei
543 422 692 464 pectoris
708 422 886 461 euoluam)
901 436 908 455 :

129 477 198 498 non
216 466 271 499 his
287 469 361 498 tam
378 466 490 498 laetor
502 466 616 504 rebus,
631 476 738 507 quam
754 476 809 498 me
826 465 921 498 afore
936 476 1083 508 semper,
1103 474 1120 506 7
1125 473 1141 508 3

172 509 267 542 afore
281 519 338 541 me
355 520 376 541 a
391 508 554 541 dominae
570 508 702 540 uertice
719 508 917 547 discrucior,

130 552 273 595 quicum
289 562 363 594 ego,
383 551 468 583 dum
484 551 583 593 uirgo
598 551 668 583 fuit
683 551 845 583 omnibus
862 552 1006 593 explens

172 595 363 637 unguentis
379 605 422 633 se,
441 605 514 626 una
529 594 629 626 milia
644 594 758 626 multa
774 594 857 626 bibi.

129 647 224 670 nunc
239 647 302 669 uos
319 640 440 679 optato
456 648 562 679 quom
577 637 696 669 iunxit
711 636 844 669 lumine
862 637 980 678 taeda,

172 691 242 712 non
257 680 354 722 prius
370 680 548 712 unanimis
565 690 706 722 corpora
722 679 930 721 coniugibus
1103 680 1144 713 80

131 723 261 755 tradite
276 723 452 755 nudantes
468 723 598 755 reiecta
613 725 714 755 ueste
730 722 892 764 papillas,

172 776 280 808 quam
296 765 451 798 iucunda
465 765 553 797 mihi
569 776 716 797 munera
731 765 817 797 libet
833 776 939 807 onyx,

129 811 248 841 uoster
263 819 369 850 onpz,
388 811 484 840 casto
500 808 614 840 colitis
630 818 722 850 quae
736 808 814 840 iura
830 808 947 841 cubili.

172 851 234 883 sed
249 862 340 893 quae
356 861 393 883 se
408 851 533 893 inpuro
549 851 647 883 dedit
664 850 849 890 adulterio,

130 893 237 933 illius,
256 904 288 933 a,
307 894 402 926 mala
417 894 510 926 dona
524 893 614 926 leuis
631 893 731 926 bibat
745 893 845 926 irrita
860 894 978 936 puluis
992 908 1000 927 z
1103 895 1142 936 85

172 947 326 979 namque
342 947 406 979 ego
421 936 467 968 ab
482 936 656 978 indigneis
671 937 828 978 praemia
844 937 943 969 nulla
959 940 1049 979 peto.

130 979 192 1011 sed
207 979 331 1021 magis,
351 989 371 1011 0
386 983 530 1021 nuptae,
548 989 685 1021 semper
700 979 884 1012 concordia
900 983 1037 1013 uostras

171 1032 308 1064 semper
323 1032 420 1054 amor
435 1022 535 1054 sedes
550 1021 681 1054 incolat
697 1022 874 1054 adsiduos.

130 1067 172 1096 tu
186 1075 280 1103 uero,
299 1065 431 1106 regina,
449 1067 554 1096 tuens
570 1075 650 1096 cum
665 1064 781 1096 sidera
796 1064 918 1097 diuam

172 1106 329 1149 placabis
344 1107 444 1139 festis
460 1107 653 1139 luminibus
672 1106 855 1147 Venerem,
1103 1117 1145 1149 90

130 1150 297 1191 unguinis
314 1153 493 1191 expertem
509 1160 553 1182 ne
569 1149 646 1182 siris
663 1160 738 1182 esse
753 1152 854 1182 tuam
869 1160 937 1190 me,

172 1192 234 1224 sed
249 1192 367 1235 potius
383 1192 490 1234 largis
507 1192 616 1225 adfice
631 1193 845 1225 muneribus.

130 1234 246 1267 sidera
261 1246 323 1267 cur
337 1235 514 1267 retinent?
536 1235 666 1267 iterum
681 1246 780 1267 coma
795 1235 892 1278 regia
906 1235 1010 1270 fiam:

171 1277 351 1320 proximus
368 1277 572 1320 Hydrochoi
587 1277 738 1320 fulgeret
754 1278 884 1311 Oarion
899 1282 905 1312 1

168 1369 207 1397 70
226 1370 481 1399 aut—restituam
501 1370 541 1406 V,
558 1373 662 1399 autem
683 1381 712 1406 ω,
734 1371 873 1399 restituit
892 1370 986 1399 Lach.
1030 1371 1068 1398 74
1088 1373 1144 1408 ([1ιὲ

129 1417 204 1438 uere
217 1417 250 1445 p.
275 1409 382 1437 euolue
401 1409 441 1444 V,
460 1410 538 1445 quin
557 1410 627 1438 ueri
643 1410 743 1446 &nerei
762 1408 872 1444 Lach.)
889 1419 922 1445 p.
947 1409 1090 1438 czaolnam
1111 1422 1140 1444 ω,

131 1455 213 1483 quae
232 1448 303 1476 ueri
318 1456 351 1483 p.
376 1448 483 1476 euoluo
504 1448 618 1477 Baehr.
661 1449 708 1483 77,
725 1448 763 1476 78
783 1449 907 1484 explens
927 1457 957 1476 se
975 1450 1144 1483 unquentis

130 1485 634 1522 Doering(unquentisseMunro),
645 1487 970 1523 eoepersunyuentz'sV,
981 1487 1140 1523 Schwabe,

130 1524 220 1559 Ellis,
236 1534 364 1560 εἴρω-δα
377 1527 547 1561 unquentis
567 1525 691 1561 Heius„
714 1526 841 1560 Baehr„
864 1534 971 1562 erpers
989 1528 1145 1562 'unquenti

131 1563 225 1593 sarii
244 1563 323 1599 (dei)
344 1564 550 1593 Passeratius.
602 1565 639 1592 79
659 1574 757 1601 quum
777 1564 968 1594 Corradjnus
987 1564 1026 1593 de
1046 1565 1141 1600 Affio,

131 1611 220 1638 quem
233 1601 273 1637 V,
290 1611 370 1638 quas
384 1614 413 1632 ω.
456 1603 494 1631 80
509 1604 606 1639 prius
620 1614 649 1638 ω,
663 1606 733 1639 post
750 1603 798 1639 V;
825 1603 867 1632 cf.
891 1603 998 1632 LXIV
1017 1603 1063 1632 11.
1106 1604 1145 1631 83

130 1641 235 1669 colitis
258 1640 297 1676 V,
316 1642 425 1677 petitis
444 1641 474 1670 D
502 1651 573 1670 cum
593 1642 782 1679 quibusdam
802 1641 882 1671 aliis.
934 1643 971 1669 86
995 1642 1145 1678 indissetz's

131 1679 170 1715 G,
187 1679 366 1715 indiynatis
380 1680 407 1709 Ο
421 1680 506 1709 unde
525 1680 686 1717 indiyneis
706 1690 763 1710 nos
778 1680 934 1717 (z'ndz'gsnis
952 1680 1064 1717 uulg.).
1106 1682 1144 1709 91

131 1718 301 1754 sanguinis
314 1718 354 1753 V,
371 1728 447 1747 corr.
471 1719 578 1748 Bentl.
620 1728 659 1749 ‘ne
673 1719 767 1755 Scal„
783 1729 847 1748 ηοη
860 1720 900 1748 V.
943 1721 1018 1748 siris
1032 1720 1145 1757 Haupt

131 1755 259 1792 (siuerz's
280 1755 386 1792 Sca-L).
428 1758 465 1785 92
480 1758 558 1794 effice
570 1758 610 1787 V.
654 1759 692 1786 93
713 1759 760 1788 ita
782 1758 997 1787 Marklandus
1041 1768 1063 1787 s.
1087 1768 1145 1787 cur

131 1796 244 1824 iterent
254 1795 391 1831 utinam
401 1795 441 1832 G)
453 1805 539 1825 coma
549 1806 575 1825 r.
587 1796 615 1833 f.
629 1796 670 1832 V,
687 1806 710 1826 s.
727 1798 903 1826 corruerint
915 1797 1141 1828 zctdnamLaoh.

131 1834 172 1862 94
178 1833 316 1871 fulqoret
329 1834 443 1864 Baehr.
460 1835 544 1872 quod
557 1835 642 1865 idem
656 1837 705 1865 est
718 1845 754 1866 ac
761 1835 906 1873 fulqereae.
